ETH/NZDT,Sell,0.00101772,1076.00000015,1.09506672,2017-12-24 17:06:25
ETH/NZDT,Buy,0.00426604,1093.99999992,4.66704776,2017-12-24 17:09:20
ETH/NZDT,Buy,0.00951268,1093.99999992,10.40687192,2017-12-24 17:09:20
ETH/NZDT,Buy,0.01464984,1093.99999988,16.02692496,2017-12-24 17:21:54
ETH/NZDT,Buy,0.00224836,1093.99999988,2.45970584,2017-12-24 17:21:54
ETH/NZDT,Buy,0.00114368,1093.99999988,1.25118592,2017-12-24 17:21:54
ETH/NZDT,Buy,0.00101538,1093.99999988,1.11082572,2017-12-24 17:21:54
ETH/NZDT,Buy,0.07913657,1198.49999788,94.84517898,2017-12-24 19:41:02
ETH/NZDT,Buy,0.13324395,1198.49999791,159.69287380,2017-12-24 19:41:02
ETH/NZDT,Buy,0.18761948,1198.49999791,224.86194639,2017-12-24 19:41:02
ETH/NZDT,Buy,0.00123176,1184.99999999,1.45963560,2017-12-24 20:34:06
ETH/NZDT,Buy,0.02023538,1184.99999999,23.97892530,2017-12-24 20:34:06
ETH/NZDT,Sell,0.00432471,1077.00000016,4.65771267,2017-12-24 20:40:33
ETH/NZDT,Sell,0.00964350,1077.00000016,10.38604950,2017-12-24 20:40:33
ETH/NZDT,Sell,0.13416190,1077.00000016,144.49236632,2017-12-24 20:40:33
ETH/NZDT,Buy,0.02622424,1077.00000016,28.24350648,2017-12-24 20:40:35
ETH/NZDT,Buy,0.30564565,1077.00000016,329.18036510,2017-12-24 20:40:41
ETH/NZDT,Buy,0.00245049,1182.99999999,2.89892967,2017-12-24 20:40:41
ETH/NZDT,Sell,0.04626623,1078.00000003,49.87499594,2017-12-24 20:48:10
ETH/NZDT,Buy,0.02114415,1179.99999925,24.95009698,2017-12-24 21:24:00
ETH/NZDT,Buy,0.00962412,1179.99999924,11.35646159,2017-12-24 21:24:35
ETH/NZDT,Buy,0.00431602,1179.99999924,5.09290360,2017-12-24 21:24:35
ETH/NZDT,Buy,0.07360854,1179.99999925,86.85807714,2017-12-24 21:24:35
ETH/NZDT,Buy,0.13416190,1179.99999927,158.31104190,2017-12-24 21:24:35
ETH/NZDT,Buy,0.04626623,1179.99999931,54.59415137,2017-12-24 21:24:35
ETH/NZDT,Buy,0.12737339,1179.99999944,150.30060013,2017-12-24 21:24:35
ETH/NZDT,Sell,0.00102212,1080.00000005,1.10388960,2017-12-24 21:27:43
ETH/NZDT,Sell,0.00102138,1080.00000032,1.10309040,2017-12-24 21:53:55
ETH/NZDT,Sell,0.00101175,1080.00000032,1.09269000,2017-12-24 21:53:56
ETH/NZDT,Sell,0.00099763,1080.00000032,1.07744040,2017-12-24 21:53:57
ETH/NZDT,Sell,0.00097941,1080.00000032,1.05776280,2017-12-24 21:53:58
ETH/NZDT,Sell,0.00102306,1080.00000036,1.10490480,2017-12-24 21:58:07
ETH/NZDT,Sell,0.00263662,1090.00000001,2.87391580,2017-12-24 22:08:38
ETH/NZDT,Sell,0.01039793,1090.00000001,11.33374370,2017-12-24 22:08:38
ETH/NZDT,Sell,0.00915600,1090.00000000,9.98004000,2017-12-24 22:08:38
ETH/NZDT,Sell,0.16720948,1080.00000047,180.58623848,2017-12-24 22:08:38
ETH/NZDT,Sell,0.01481158,1080.00000046,15.99650641,2017-12-24 22:08:38
ETH/NZDT,Sell,0.04618056,1080.00000044,49.87500482,2017-12-24 22:08:38
ETH/NZDT,Sell,0.99960783,1080.00000000,1079.57645640,2017-12-24 22:08:38
ETH/NZDT,Buy,0.01037703,1179.99999939,12.24489539,2017-12-24 22:33:27
ETH/NZDT,Buy,0.00467239,1179.99999939,5.51342020,2017-12-24 22:33:27
ETH/NZDT,Buy,0.04618056,1179.99999940,54.49306077,2017-12-24 22:33:27
ETH/NZDT,Buy,0.16720948,1179.99999941,197.30718630,2017-12-24 22:33:27
ETH/NZDT,Buy,0.09049785,1179.99999943,106.78746295,2017-12-24 22:33:27
ETH/NZDT,Buy,0.00285825,1179.99999945,3.37273500,2017-12-24 22:33:27
ETH/NZDT,Sell,0.00448620,1100.10000025,4.93526862,2017-12-24 22:49:48
ETH/NZDT,Sell,0.00090901,1100.10000038,1.00000190,2017-12-24 22:55:55
ETH/NZDT,Sell,0.01110845,1100.10000038,12.22040585,2017-12-24 22:55:55
ETH/NZDT,Sell,0.16651303,1100.10000037,183.18098436,2017-12-24 22:55:55
ETH/NZDT,Sell,0.39766714,1100.10000034,437.47362085,2017-12-24 22:55:55
ETH/NZDT,Sell,0.07430546,1100.10000034,81.74343657,2017-12-24 22:56:02
ETH/NZDT,Sell,0.00298916,1100.10000033,3.28837492,2017-12-24 22:56:02
ETH/NZDT,Sell,0.41646551,1100.10000020,458.15370763,2017-12-24 22:56:02
ETH/NZDT,Sell,0.15981525,1100.00000000,175.79677500,2017-12-24 22:56:02
ETH/NZDT,Sell,0.02164002,1100.00000000,23.80402200,2017-12-24 22:56:56
ETH/NZDT,Buy,0.00298718,1119.99999992,3.34564160,2017-12-24 23:16:55
ETH/NZDT,Buy,0.01108612,1119.99999991,12.41645440,2017-12-24 23:17:10
ETH/NZDT,Buy,0.00538436,1119.99999991,6.03048320,2017-12-24 23:17:15
ETH/NZDT,Buy,0.00179736,1119.99999992,2.01304320,2017-12-24 23:17:20
ETH/NZDT,Buy,0.01478683,1119.99999992,16.56124960,2017-12-24 23:17:20
ETH/NZDT,Buy,0.09197750,1119.99999993,103.01479999,2017-12-24 23:17:24
ETH/NZDT,Sell,0.00556236,1081.99000003,6.01841790,2017-12-24 23:21:53
ETH/NZDT,Sell,0.01145262,1081.99000003,12.39162031,2017-12-24 23:21:53
ETH/NZDT,Sell,0.01975243,1081.99000002,21.37193174,2017-12-24 23:22:13
ETH/NZDT,Sell,0.95103238,1081.99000000,1029.00752484,2017-12-24 23:22:27
ETH/NZDT,Sell,0.18481555,1080.00000000,199.60079400,2017-12-24 23:23:56
ETH/NZDT,Buy,0.01142960,1119.99999992,12.80115200,2017-12-24 23:24:06
ETH/NZDT,Buy,0.00555118,1119.99999992,6.21732160,2017-12-24 23:24:06
ETH/NZDT,Sell,0.00575592,1078.00000002,6.20488176,2017-12-24 23:24:50
ETH/NZDT,Sell,0.01185116,1078.00000002,12.77555048,2017-12-24 23:24:50
ETH/NZDT,Sell,0.20000000,1078.00000001,215.60000000,2017-12-24 23:25:15
ETH/NZDT,Sell,0.03000000,1076.00000101,32.28000003,2017-12-24 23:25:33
ETH/NZDT,Sell,0.35000000,1076.00000062,376.60000022,2017-12-24 23:25:48
ETH/NZDT,Sell,0.11105984,1076.00000015,119.50038786,2017-12-24 23:26:01
ETH/NZDT,Sell,0.00099790,1070.00000003,1.06775300,2017-12-24 23:26:16
ETH/NZDT,Sell,0.00099566,1060.00000004,1.05539960,2017-12-24 23:33:28
ETH/NZDT,Buy,0.01182734,1119.99999928,13.24662079,2017-12-24 23:56:30
ETH/NZDT,Buy,0.00574435,1119.99999928,6.43367200,2017-12-24 23:56:30
ETH/NZDT,Sell,0.00099672,1060.00000006,1.05652320,2017-12-24 23:56:48
ETH/NZDT,Buy,0.00098732,1063.48943866,1.05000439,2017-12-24 23:56:53
ETH/NZDT,Buy,0.00050489,1078.53881751,0.54454346,2017-12-24 23:56:53
ETH/NZDT,Buy,0.00099472,1078.53881750,1.07284413,2017-12-24 23:57:05
ETH/NZDT,Buy,0.00046865,1078.53881751,0.50545722,2017-12-24 23:57:05
ETH/NZDT,Buy,0.00033541,1098.60465597,0.36848299,2017-12-24 23:57:05
ETH/NZDT,Buy,0.01973969,1098.60465596,21.68611534,2017-12-24 23:58:10
ETH/NZDT,Buy,0.00062035,1098.60465597,0.68151940,2017-12-24 23:58:10
ETH/NZDT,Buy,0.00096172,1119.99999929,1.07712640,2017-12-24 23:58:10
ETH/NZDT,Sell,0.00099489,1060.00000005,1.05458340,2017-12-24 23:59:00
ETH/NZDT,Buy,0.00099289,1139.99999996,1.13189460,2017-12-25 00:50:46
ETH/NZDT,Buy,0.16555131,1139.99999997,188.72849340,2017-12-25 00:50:46
ETH/NZDT,Buy,0.43752122,1140.00000000,498.77419080,2017-12-25 00:50:46
ETH/NZDT,Buy,0.16247878,1140.00000000,185.22580920,2017-12-25 00:51:32
ETH/NZDT,Buy,0.98760713,1140.00000000,1125.87212820,2017-12-25 01:10:35
ETH/NZDT,Buy,0.07713446,1140.00000000,87.93328440,2017-12-25 01:22:18
ETH/NZDT,Buy,0.35017684,1140.00000000,399.20159760,2017-12-25 01:22:52
ETH/NZDT,Buy,0.30369507,1140.00000000,346.21237980,2017-12-25 01:25:16
ETH/NZDT,Buy,0.18618261,1140.00000000,212.24817540,2017-12-25 01:28:13
ETH/NZDT,Buy,0.00203840,1178.99999999,2.40327360,2017-12-25 01:39:03
ETH/NZDT,Buy,0.01012658,1178.00000000,11.92911124,2017-12-25 02:00:10
ETH/NZDT,Buy,0.00222841,1177.99999999,2.62506698,2017-12-25 02:01:48
ETH/NZDT,Buy,0.01094255,1177.99999999,12.89032390,2017-12-25 02:09:40
ETH/NZDT,Buy,0.01094425,1177.99999999,12.89232650,2017-12-25 02:09:47
ETH/NZDT,Buy,0.19222967,1177.99999999,226.44655126,2017-12-25 02:11:39
ETH/NZDT,Buy,0.01918500,1178.99999999,22.61911500,2017-12-25 02:12:59
ETH/NZDT,Buy,0.01918500,1178.99999999,22.61911500,2017-12-25 02:13:14
ETH/NZDT,Buy,0.01918500,1178.99999999,22.61911500,2017-12-25 02:13:25
ETH/NZDT,Buy,0.00218660,1178.99999999,2.57800140,2017-12-25 02:14:36
ETH/NZDT,Buy,0.00277805,1178.99999999,3.27532095,2017-12-25 02:16:23
ETH/NZDT,Buy,0.00094372,1112.62380473,1.05000534,2017-12-25 02:22:35
ETH/NZDT,Buy,0.00058251,1123.22022191,0.65428701,2017-12-25 02:22:35
ETH/NZDT,Buy,0.00414491,1178.99999999,4.88684889,2017-12-25 02:28:56
ETH/NZDT,Buy,0.02081970,1178.99999999,24.54642630,2017-12-25 03:11:02
ETH/NZDT,Buy,0.16515640,1178.99999999,194.71939560,2017-12-25 03:11:14
ETH/NZDT,Buy,0.21000000,1179.00000000,247.59000000,2017-12-25 03:11:16
ETH/NZDT,Buy,0.44580000,1183.00000000,527.38140000,2017-12-25 03:12:19
ETH/NZDT,Buy,0.08360484,1189.00000000,99.40615476,2017-12-25 03:12:40
ETH/NZDT,Buy,0.79628740,1198.49999791,954.35044724,2017-12-25 03:12:42
ETH/NZDT,Buy,0.00132161,1179.99999999,1.55949980,2017-12-25 07:32:28
ETH/NZDT,Buy,0.25240822,1180.00000000,297.84169960,2017-12-25 07:32:28
ETH/NZDT,Buy,0.00158772,1180.00000000,1.87350960,2017-12-25 07:33:12
ETH/NZDT,Buy,0.09465012,1180.00000000,111.68714160,2017-12-25 07:33:24
ETH/NZDT,Buy,0.01582953,1180.00000000,18.67884540,2017-12-25 07:33:33
ETH/NZDT,Buy,0.01969311,1180.00000000,23.23786980,2017-12-25 07:34:00
ETH/NZDT,Buy,0.01352826,1180.00000000,15.96334680,2017-12-25 07:34:05
ETH/NZDT,Buy,0.01969311,1180.00000000,23.23786980,2017-12-25 07:34:11
ETH/NZDT,Buy,0.01969311,1180.00000000,23.23786980,2017-12-25 07:34:30
ETH/NZDT,Buy,0.01969312,1180.00000000,23.23788160,2017-12-25 07:35:28
ETH/NZDT,Buy,0.01969312,1180.00000000,23.23788160,2017-12-25 07:35:29
ETH/NZDT,Buy,0.01969312,1180.00000000,23.23788160,2017-12-25 07:35:29
ETH/NZDT,Buy,0.00364521,1179.99999999,4.30134780,2017-12-25 07:36:11
ETH/NZDT,Buy,0.01604791,1180.00000000,18.93653380,2017-12-25 07:36:11
ETH/NZDT,Buy,0.01969312,1180.00000000,23.23788160,2017-12-25 07:36:11
ETH/NZDT,Buy,0.01969312,1180.00000000,23.23788160,2017-12-25 07:36:11
ETH/NZDT,Buy,0.19693312,1180.00000000,232.38108160,2017-12-25 07:36:26
ETH/NZDT,Buy,0.00259660,1180.00000000,3.06398800,2017-12-25 07:40:44
ETH/NZDT,Buy,0.14425919,1175.00000000,169.50454825,2017-12-25 07:41:56
ETH/NZDT,Buy,0.11657709,1175.00000000,136.97808075,2017-12-25 07:42:25
ETH/NZDT,Buy,0.01974822,1175.00000000,23.20415850,2017-12-25 07:44:01
ETH/NZDT,Buy,0.02923976,1175.00000000,34.35671800,2017-12-25 07:48:33
ETH/NZDT,Buy,0.01928048,1175.00000000,22.65456400,2017-12-25 07:49:26
ETH/NZDT,Sell,0.04161970,1167.36362294,48.58532378,2017-12-25 07:55:51
ETH/NZDT,Buy,0.08493651,1174.99999999,99.80039925,2017-12-25 08:05:34
ETH/NZDT,Buy,0.03129320,1174.99999999,36.76951000,2017-12-25 08:07:23
ETH/NZDT,Buy,0.04486364,1173.50000000,52.64748154,2017-12-25 08:19:32
ETH/NZDT,Buy,0.04485909,1173.50000000,52.64214212,2017-12-25 08:19:56
ETH/NZDT,Buy,0.00529757,1173.50000000,6.21669840,2017-12-25 08:20:09
ETH/NZDT,Buy,0.02126127,1173.50000000,24.95010034,2017-12-25 08:34:28
ETH/NZDT,Buy,0.00160081,1173.50000000,1.87855054,2017-12-25 08:46:36
ETH/NZDT,Buy,0.00160081,1173.50000000,1.87855054,2017-12-25 08:47:01
ETH/NZDT,Buy,0.00160081,1173.50000000,1.87855054,2017-12-25 08:47:16
ETH/NZDT,Buy,0.00173362,1173.50000000,2.03440307,2017-12-25 08:48:15
ETH/NZDT,Sell,0.15530563,1168.00000000,181.39697584,2017-12-25 08:48:18
ETH/NZDT,Sell,0.00151211,1168.00000000,1.76614448,2017-12-25 08:49:39
ETH/NZDT,Sell,0.00151211,1168.00000000,1.76614448,2017-12-25 08:49:40
ETH/NZDT,Buy,0.54807764,1173.50000000,643.16911054,2017-12-25 08:54:23
ETH/NZDT,Buy,0.58061050,1174.00000000,681.63672700,2017-12-25 08:54:52
ETH/NZDT,Buy,0.01980266,1174.00000000,23.24832284,2017-12-25 08:58:36
ETH/NZDT,Buy,0.01980266,1174.00000000,23.24832284,2017-12-25 08:58:36
ETH/NZDT,Buy,0.01980266,1174.00000000,23.24832284,2017-12-25 08:58:37
ETH/NZDT,Buy,0.01980266,1174.00000000,23.24832284,2017-12-25 08:58:44
ETH/NZDT,Buy,0.01980266,1174.00000000,23.24832284,2017-12-25 08:58:44
ETH/NZDT,Buy,0.01980266,1174.00000000,23.24832284,2017-12-25 08:58:45
ETH/NZDT,Buy,0.01980266,1174.00000000,23.24832284,2017-12-25 08:58:52
ETH/NZDT,Buy,0.01980266,1174.00000000,23.24832284,2017-12-25 08:58:52
ETH/NZDT,Buy,0.01980266,1174.00000000,23.24832284,2017-12-25 08:58:52
ETH/NZDT,Buy,0.09901336,1174.00000000,116.24168464,2017-12-25 08:58:59
ETH/NZDT,Buy,0.09901336,1174.00000000,116.24168464,2017-12-25 08:59:04
ETH/NZDT,Buy,0.09901336,1174.00000000,116.24168464,2017-12-25 08:59:06
ETH/NZDT,Buy,0.01978954,1174.00000000,23.23291996,2017-12-25 08:59:16
ETH/NZDT,Buy,0.01978954,1174.00000000,23.23291996,2017-12-25 08:59:16
ETH/NZDT,Buy,0.01978954,1174.00000000,23.23291996,2017-12-25 08:59:16
ETH/NZDT,Buy,0.01978954,1174.00000000,23.23291996,2017-12-25 08:59:21
ETH/NZDT,Buy,0.01978954,1174.00000000,23.23291996,2017-12-25 08:59:21
ETH/NZDT,Buy,0.01978954,1174.00000000,23.23291996,2017-12-25 08:59:21
ETH/NZDT,Buy,0.01978954,1174.00000000,23.23291996,2017-12-25 08:59:25
ETH/NZDT,Buy,0.01978954,1174.00000000,23.23291996,2017-12-25 08:59:25
ETH/NZDT,Buy,0.13654272,1174.00000000,160.30115328,2017-12-25 08:59:30
ETH/NZDT,Buy,0.13350488,1174.00000000,156.73472912,2017-12-25 08:59:35
ETH/NZDT,Buy,0.13370606,1174.00000000,156.97091444,2017-12-25 08:59:41
ETH/NZDT,Buy,0.09894775,1174.00000000,116.16465850,2017-12-25 08:59:44
ETH/NZDT,Buy,0.09894775,1174.00000000,116.16465850,2017-12-25 08:59:45
ETH/NZDT,Buy,0.19740220,1174.00000000,231.75018280,2017-12-25 08:59:49
ETH/NZDT,Buy,0.09894775,1174.00000000,116.16465850,2017-12-25 08:59:51
ETH/NZDT,Buy,0.13397084,1174.00000000,157.28176616,2017-12-25 08:59:51
ETH/NZDT,Buy,0.01965358,1174.00000000,23.07330292,2017-12-25 09:00:13
ETH/NZDT,Buy,0.01966592,1174.00000000,23.08779008,2017-12-25 09:00:25
ETH/NZDT,Buy,0.04231320,1174.00000000,49.67569680,2017-12-25 09:00:46
ETH/NZDT,Buy,0.09901159,1174.00000000,116.23960666,2017-12-25 09:00:53
ETH/NZDT,Buy,0.09901159,1174.00000000,116.23960666,2017-12-25 09:01:00
ETH/NZDT,Buy,0.06237986,1174.00000000,73.23395564,2017-12-25 09:01:04
ETH/NZDT,Buy,0.01966557,1174.00000000,23.08737918,2017-12-25 09:01:07
ETH/NZDT,Buy,0.05597879,1174.00000000,65.71909946,2017-12-25 09:01:08
ETH/NZDT,Buy,0.09901159,1174.00000000,116.23960666,2017-12-25 09:01:10
ETH/NZDT,Buy,0.01961747,1174.00000000,23.03090978,2017-12-25 09:01:19
ETH/NZDT,Buy,0.01961747,1174.00000000,23.03090978,2017-12-25 09:01:19
ETH/NZDT,Buy,0.01961747,1174.00000000,23.03090978,2017-12-25 09:01:20
ETH/NZDT,Buy,0.01961747,1174.00000000,23.03090978,2017-12-25 09:01:24
ETH/NZDT,Buy,0.01961747,1174.00000000,23.03090978,2017-12-25 09:01:25
ETH/NZDT,Buy,0.01961747,1174.00000000,23.03090978,2017-12-25 09:01:25
ETH/NZDT,Buy,0.01961747,1174.00000000,23.03090978,2017-12-25 09:01:35
ETH/NZDT,Buy,0.01961747,1174.00000000,23.03090978,2017-12-25 09:01:36
ETH/NZDT,Buy,0.01961747,1174.00000000,23.03090978,2017-12-25 09:01:36
ETH/NZDT,Buy,0.01342038,1174.00000000,15.75552612,2017-12-25 09:01:36
ETH/NZDT,Buy,0.01962988,1174.00000000,23.04547912,2017-12-25 09:02:03
ETH/NZDT,Buy,0.01962968,1174.00000000,23.04524432,2017-12-25 09:02:26
ETH/NZDT,Buy,0.01972171,1174.00000000,23.15328754,2017-12-25 09:04:37
ETH/NZDT,Buy,0.01972171,1174.00000000,23.15328754,2017-12-25 09:04:37
ETH/NZDT,Buy,0.01972171,1174.00000000,23.15328754,2017-12-25 09:04:37
ETH/NZDT,Buy,1.52543797,1174.00000000,1790.86417678,2017-12-25 09:04:50
ETH/NZDT,Buy,0.09393554,1174.00000000,110.28032396,2017-12-25 09:08:36
ETH/NZDT,Buy,0.01739537,1174.00000000,20.42216438,2017-12-25 09:08:43
ETH/NZDT,Sell,0.00141590,1168.00000001,1.65377120,2017-12-25 09:09:10
ETH/NZDT,Buy,0.07620261,1174.00000000,89.46186414,2017-12-25 09:09:12
ETH/NZDT,Buy,0.01170572,1174.00000000,13.74251528,2017-12-25 09:09:35
ETH/NZDT,Buy,0.01170572,1174.00000000,13.74251528,2017-12-25 09:09:49
ETH/NZDT,Buy,0.01170572,1174.00000000,13.74251528,2017-12-25 09:10:17
ETH/NZDT,Buy,0.01170572,1174.00000000,13.74251528,2017-12-25 09:10:25
ETH/NZDT,Buy,0.01170572,1174.00000000,13.74251528,2017-12-25 09:10:32
ETH/NZDT,Buy,0.01170572,1174.00000000,13.74251528,2017-12-25 09:10:39
ETH/NZDT,Buy,0.01170572,1174.00000000,13.74251528,2017-12-25 09:10:46
ETH/NZDT,Buy,0.01170572,1174.00000000,13.74251528,2017-12-25 09:10:53
ETH/NZDT,Buy,0.33000000,1174.00000000,387.42000000,2017-12-25 09:11:13
ETH/NZDT,Buy,0.07351420,1174.00000000,86.30567080,2017-12-25 09:11:27
ETH/NZDT,Buy,0.03054186,1174.00000000,35.85614364,2017-12-25 09:13:37
ETH/NZDT,Buy,0.01979249,1174.00000000,23.23638326,2017-12-25 09:14:56
ETH/NZDT,Buy,0.01979249,1174.00000000,23.23638326,2017-12-25 09:14:56
ETH/NZDT,Buy,0.01979249,1174.00000000,23.23638326,2017-12-25 09:14:56
ETH/NZDT,Buy,0.06233767,1174.00000000,73.18442458,2017-12-25 09:15:10
ETH/NZDT,Buy,0.00206793,1174.00000000,2.42774982,2017-12-25 09:15:40
ETH/NZDT,Buy,0.03496976,1174.00000000,41.05449824,2017-12-25 09:15:51
ETH/NZDT,Buy,1.00000000,1174.00000000,1174.00000000,2017-12-25 09:22:14
ETH/NZDT,Buy,0.00991217,1174.00000000,11.63688758,2017-12-25 09:22:15
ETH/NZDT,Buy,0.15131496,1174.00000000,177.64376304,2017-12-25 09:29:08
ETH/NZDT,Buy,0.00412995,1174.00000000,4.84856130,2017-12-25 09:29:15
ETH/NZDT,Buy,0.25375881,1174.00000000,297.91284294,2017-12-25 09:29:31
ETH/NZDT,Buy,0.05000000,1170.00000000,58.50000000,2017-12-25 09:44:42
ETH/NZDT,Buy,0.05000000,1170.00000000,58.50000000,2017-12-25 09:44:42
ETH/NZDT,Buy,0.05000000,1170.00000000,58.50000000,2017-12-25 09:44:42
ETH/NZDT,Buy,0.02228600,1174.00000000,26.16376400,2017-12-25 09:44:52
ETH/NZDT,Buy,0.00296244,1174.00000000,3.47790456,2017-12-25 09:58:54
ETH/NZDT,Buy,0.00487367,1174.00000000,5.72168858,2017-12-25 10:00:54
ETH/NZDT,Buy,0.01999000,1174.00000000,23.46826000,2017-12-25 10:03:46
ETH/NZDT,Buy,3.00000000,1174.00000000,3522.00000000,2017-12-25 10:05:09
ETH/NZDT,Buy,0.08466949,1174.00000000,99.40198126,2017-12-25 10:07:06
ETH/NZDT,Buy,0.01936856,1174.00000000,22.73868944,2017-12-25 10:10:59
ETH/NZDT,Buy,0.09690210,1174.00000000,113.76306540,2017-12-25 10:11:05
ETH/NZDT,Buy,0.09690210,1174.00000000,113.76306540,2017-12-25 10:11:10
ETH/NZDT,Buy,0.09690210,1174.00000000,113.76306540,2017-12-25 10:11:10
ETH/NZDT,Buy,0.09690208,1174.00000000,113.76304192,2017-12-25 10:11:16
ETH/NZDT,Buy,0.09709669,1174.00000000,113.99151406,2017-12-25 10:11:54
ETH/NZDT,Buy,0.01941933,1174.00000000,22.79829342,2017-12-25 10:12:14
ETH/NZDT,Buy,0.09690208,1174.00000000,113.76304192,2017-12-25 10:12:20
ETH/NZDT,Buy,0.20102460,1174.00000000,236.00288040,2017-12-25 10:12:31
ETH/NZDT,Buy,0.01941933,1174.00000000,22.79829342,2017-12-25 10:12:40
ETH/NZDT,Buy,0.09848335,1174.00000000,115.61945290,2017-12-25 10:12:55
ETH/NZDT,Buy,0.01970957,1174.00000000,23.13903518,2017-12-25 10:12:56
ETH/NZDT,Buy,0.01970957,1174.00000000,23.13903518,2017-12-25 10:12:56
ETH/NZDT,Buy,0.01970957,1174.00000000,23.13903518,2017-12-25 10:12:56
ETH/NZDT,Buy,0.01970957,1174.00000000,23.13903518,2017-12-25 10:13:01
ETH/NZDT,Buy,0.01970957,1174.00000000,23.13903518,2017-12-25 10:13:02
ETH/NZDT,Buy,0.01970957,1174.00000000,23.13903518,2017-12-25 10:13:02
ETH/NZDT,Buy,0.09848335,1174.00000000,115.61945290,2017-12-25 10:13:03
ETH/NZDT,Buy,0.01970957,1174.00000000,23.13903518,2017-12-25 10:13:06
ETH/NZDT,Buy,0.01970957,1174.00000000,23.13903518,2017-12-25 10:13:06
ETH/NZDT,Buy,0.01970957,1174.00000000,23.13903518,2017-12-25 10:13:06
ETH/NZDT,Buy,0.01972251,1174.00000000,23.15422674,2017-12-25 10:13:12
ETH/NZDT,Buy,0.01972251,1174.00000000,23.15422674,2017-12-25 10:13:12
ETH/NZDT,Buy,0.01972251,1174.00000000,23.15422674,2017-12-25 10:13:13
ETH/NZDT,Buy,0.09861259,1174.00000000,115.77118066,2017-12-25 10:13:18
ETH/NZDT,Buy,0.09861259,1174.00000000,115.77118066,2017-12-25 10:13:18
ETH/NZDT,Buy,0.09861259,1174.00000000,115.77118066,2017-12-25 10:13:18
ETH/NZDT,Buy,0.01972251,1174.00000000,23.15422674,2017-12-25 10:13:31
ETH/NZDT,Buy,0.01972251,1174.00000000,23.15422674,2017-12-25 10:13:31
ETH/NZDT,Buy,0.01972251,1174.00000000,23.15422674,2017-12-25 10:13:31
ETH/NZDT,Buy,0.06089434,1174.00000000,71.48995516,2017-12-25 10:13:35
ETH/NZDT,Buy,0.01973546,1174.00000000,23.16943004,2017-12-25 10:13:41
ETH/NZDT,Buy,0.01973546,1174.00000000,23.16943004,2017-12-25 10:13:41
ETH/NZDT,Buy,0.09702924,1174.00000000,113.91232776,2017-12-25 10:13:44
ETH/NZDT,Buy,0.09702924,1174.00000000,113.91232776,2017-12-25 10:13:44
ETH/NZDT,Buy,0.09702924,1174.00000000,113.91232776,2017-12-25 10:13:44
ETH/NZDT,Buy,0.05490127,1174.00000000,64.45409098,2017-12-25 10:13:46
ETH/NZDT,Buy,0.05486488,1174.00000000,64.41136912,2017-12-25 10:13:51
ETH/NZDT,Buy,0.00171580,1174.00000000,2.01434920,2017-12-25 10:14:18
ETH/NZDT,Buy,0.02939930,1174.00000000,34.51477820,2017-12-25 10:14:40
ETH/NZDT,Buy,0.03608680,1174.00000000,42.36590320,2017-12-25 10:15:42
ETH/NZDT,Buy,0.03608680,1174.00000000,42.36590320,2017-12-25 10:15:50
ETH/NZDT,Buy,0.03608680,1174.00000000,42.36590320,2017-12-25 10:15:57
ETH/NZDT,Buy,0.07708132,1174.00000000,90.49346968,2017-12-25 10:17:59
ETH/NZDT,Buy,0.01970672,1174.00000000,23.13568928,2017-12-25 10:21:24
ETH/NZDT,Buy,0.01970672,1174.00000000,23.13568928,2017-12-25 10:21:24
ETH/NZDT,Buy,0.01970672,1174.00000000,23.13568928,2017-12-25 10:21:24
ETH/NZDT,Buy,0.01970672,1174.00000000,23.13568928,2017-12-25 10:21:38
ETH/NZDT,Buy,0.01970672,1174.00000000,23.13568928,2017-12-25 10:21:38
ETH/NZDT,Buy,0.01970672,1174.00000000,23.13568928,2017-12-25 10:21:38
ETH/NZDT,Buy,0.01972018,1174.00000000,23.15149132,2017-12-25 10:22:15
ETH/NZDT,Buy,0.01972018,1174.00000000,23.15149132,2017-12-25 10:22:15
ETH/NZDT,Buy,0.09887108,1174.00000000,116.07464792,2017-12-25 10:24:01
ETH/NZDT,Buy,0.09887108,1174.00000000,116.07464792,2017-12-25 10:24:08
ETH/NZDT,Buy,0.01977420,1174.00000000,23.21491080,2017-12-25 10:24:08
ETH/NZDT,Buy,0.01977420,1174.00000000,23.21491080,2017-12-25 10:24:13
ETH/NZDT,Buy,0.02943986,1174.00000000,34.56239564,2017-12-25 10:25:43
ETH/NZDT,Buy,0.27052531,1174.00000000,317.59671394,2017-12-25 10:25:46
ETH/NZDT,Buy,0.15154330,1174.00000000,177.91183420,2017-12-25 10:26:04
ETH/NZDT,Buy,0.01967634,1174.00000000,23.10002316,2017-12-25 10:29:29
ETH/NZDT,Buy,0.01967634,1174.00000000,23.10002316,2017-12-25 10:29:37
ETH/NZDT,Sell,0.00128098,1170.00000000,1.49874660,2017-12-25 10:29:45
ETH/NZDT,Buy,0.05696987,1174.00000000,66.88262738,2017-12-25 10:30:11
ETH/NZDT,Buy,0.05719774,1174.00000000,67.15014676,2017-12-25 10:30:29
ETH/NZDT,Buy,0.15086293,1197.94999999,180.72624699,2017-12-25 10:41:23
ETH/NZDT,Buy,0.20000000,1197.95000000,239.59000000,2017-12-25 10:41:23
ETH/NZDT,Buy,0.04439803,1197.99999976,53.18883993,2017-12-25 10:41:23
ETH/NZDT,Buy,0.10473904,1198.00000000,125.47736992,2017-12-25 10:41:23
ETH/NZDT,Sell,0.00500000,1167.36362295,5.83681811,2017-12-25 10:47:18
ETH/NZDT,Buy,0.00498995,1197.99999996,5.97796010,2017-12-25 10:49:33
ETH/NZDT,Buy,0.01324996,1197.99999997,15.87345208,2017-12-25 10:49:33
ETH/NZDT,Buy,0.06463406,1197.99999995,77.43160388,2017-12-25 10:50:48
ETH/NZDT,Buy,0.01877387,1198.00000000,22.49109626,2017-12-25 10:52:25
ETH/NZDT,Buy,0.01389804,1198.49999791,16.65680091,2017-12-25 10:55:15
ETH/NZDT,Buy,0.00097659,1198.49999917,1.17044311,2017-12-25 10:59:58
ETH/NZDT,Buy,0.00448587,1198.49999930,5.37631519,2017-12-25 11:01:14
ETH/NZDT,Buy,0.61789719,1200.00000000,741.47662800,2017-12-25 11:01:55
ETH/NZDT,Sell,0.00155052,1167.36362301,1.81002064,2017-12-25 11:02:13
ETH/NZDT,Sell,0.00097659,1167.36362303,1.14003564,2017-12-25 11:13:47
ETH/NZDT,Buy,0.00154740,1219.99999999,1.88782800,2017-12-25 12:15:28
ETH/NZDT,Buy,0.00097463,1219.99999999,1.18904860,2017-12-25 12:15:28
ETH/NZDT,Buy,0.00122742,1219.99999999,1.49745240,2017-12-25 12:15:28
ETH/NZDT,Sell,0.00425852,1219.99999999,5.19539440,2017-12-25 12:16:01
ETH/NZDT,Buy,0.02500000,1220.00000000,30.50000000,2017-12-25 12:18:43
ETH/NZDT,Buy,0.00118084,1158.42377516,1.36791313,2017-12-25 12:41:12
ETH/NZDT,Buy,0.00118084,1169.45638255,1.38094087,2017-12-25 12:41:12
ETH/NZDT,Buy,0.00118084,1186.00529362,1.40048249,2017-12-25 12:41:59
ETH/NZDT,Buy,0.00118084,1208.07050838,1.42653798,2017-12-25 12:41:59
ETH/NZDT,Buy,0.05200000,1220.00000000,63.44000000,2017-12-25 12:42:03
ETH/NZDT,Buy,0.36918543,1220.00000000,450.40622460,2017-12-25 12:42:03
ETH/NZDT,Sell,0.00228681,1208.07050838,2.76262772,2017-12-25 12:44:08
ETH/NZDT,Buy,0.28631262,1220.00000000,349.30139640,2017-12-25 12:44:08
ETH/NZDT,Buy,0.00099247,1160.14235316,1.15140648,2017-12-25 12:47:02
ETH/NZDT,Buy,0.00099247,1171.19132795,1.16237226,2017-12-25 12:47:02
ETH/NZDT,Buy,0.00007678,1220.00000000,0.09367160,2017-12-25 12:47:02
ETH/NZDT,Buy,0.00091331,1163.19084705,1.06235383,2017-12-25 12:52:05
ETH/NZDT,Buy,0.00069237,1220.00000000,0.84469140,2017-12-25 12:52:05
ETH/NZDT,Buy,0.00160607,1220.00000000,1.95940540,2017-12-25 12:52:07
ETH/NZDT,Buy,0.00090143,1164.81211415,1.04999658,2017-12-25 13:06:45
ETH/NZDT,Buy,0.00067517,1175.90556286,0.79393616,2017-12-25 13:06:45
ETH/NZDT,Buy,0.00090100,1165.37484431,1.05000273,2017-12-25 13:11:58
ETH/NZDT,Buy,0.00067484,1176.47365235,0.79393148,2017-12-25 13:11:58
ETH/NZDT,Buy,0.00021766,1176.47365235,0.25607126,2017-12-25 13:12:03
ETH/NZDT,Buy,0.00088004,1193.12186441,1.04999497,2017-12-25 13:12:03
ETH/NZDT,Sell,0.00490720,1193.12186443,5.85488761,2017-12-25 13:14:51
ETH/NZDT,Sell,0.09437437,1193.12186442,112.60012429,2017-12-25 13:14:51
ETH/NZDT,Buy,0.00091641,1145.77034894,1.04999541,2017-12-25 13:35:51
ETH/NZDT,Buy,0.00067504,1199.08747375,0.80943201,2017-12-25 13:35:51
ETH/NZDT,Buy,0.00098440,1124.27753697,1.10673881,2017-12-25 14:25:53
ETH/NZDT,Buy,0.00063096,1134.98494209,0.71613010,2017-12-25 14:25:53
ETH/NZDT,Buy,0.00098440,1127.02976199,1.10944810,2017-12-25 14:37:30
ETH/NZDT,Buy,0.00062704,1137.76337877,0.71342315,2017-12-25 14:37:30
ETH/NZDT,Buy,0.00100941,1129.12402090,1.13974908,2017-12-25 14:42:52
ETH/NZDT,Buy,0.00059929,1139.87758301,0.68311724,2017-12-25 14:42:52
ETH/NZDT,Buy,0.00093169,1126.98269272,1.04999850,2017-12-25 14:53:09
ETH/NZDT,Buy,0.00066492,1220.00000000,0.81120240,2017-12-25 14:53:09
ETH/NZDT,Buy,0.00093869,1125.10259255,1.05612255,2017-12-25 15:32:38
ETH/NZDT,Buy,0.00065646,1220.00000000,0.80088120,2017-12-25 15:32:38
ETH/NZDT,Sell,0.00491004,1192.62250726,5.85582422,2017-12-25 16:07:35
ETH/NZDT,Sell,0.03156711,1192.62250725,37.64764587,2017-12-25 16:07:35
ETH/NZDT,Buy,0.96795375,1192.62250725,1154.40342823,2017-12-25 16:10:25
ETH/NZDT,Buy,0.00106045,1134.14035010,1.20269913,2017-12-25 16:16:16
ETH/NZDT,Buy,0.00053915,1144.94168677,0.61729531,2017-12-25 16:16:16
ETH/NZDT,Buy,0.00052130,1144.94168677,0.59685810,2017-12-25 16:17:08
ETH/NZDT,Buy,0.00106045,1161.14369178,1.23133483,2017-12-25 16:17:08
ETH/NZDT,Buy,0.00003792,1182.74636510,0.04484974,2017-12-25 16:17:08
ETH/NZDT,Buy,0.00102253,1182.74636510,1.20939364,2017-12-25 16:19:31
ETH/NZDT,Buy,0.00102253,1182.74636510,1.20939364,2017-12-25 16:19:31
ETH/NZDT,Buy,0.00092375,1136.67230071,1.05000104,2017-12-25 16:50:48
ETH/NZDT,Buy,0.00063906,1198.58561980,0.76596813,2017-12-25 16:50:48
ETH/NZDT,Buy,0.00111197,1131.44962733,1.25813804,2017-12-25 18:02:41
ETH/NZDT,Buy,0.00047529,1142.22533807,0.54288828,2017-12-25 18:02:41
ETH/NZDT,Buy,0.00115723,1131.80956433,1.30976398,2017-12-25 18:12:40
ETH/NZDT,Buy,0.00115723,1142.58870303,1.32223792,2017-12-25 18:13:19
ETH/NZDT,Buy,0.00115723,1158.75741109,1.34094884,2017-12-25 18:14:58
ETH/NZDT,Sell,0.00215997,1126.00000072,2.43212622,2017-12-25 18:14:59
ETH/NZDT,Buy,0.00108830,1136.02980045,1.23634123,2017-12-25 18:18:04
ETH/NZDT,Buy,0.00108830,1146.84913188,1.24811591,2017-12-25 18:18:04
ETH/NZDT,Buy,0.14163006,1219.99999990,172.78867319,2017-12-25 19:39:03
ETH/NZDT,Sell,0.10578227,1219.99999990,129.05436939,2017-12-25 19:39:08
ETH/NZDT,Sell,0.57062373,1219.99999990,696.16095054,2017-12-25 19:39:08
ETH/NZDT,Sell,0.01194782,1150.00100001,13.74000495,2017-12-25 19:39:08
ETH/NZDT,Buy,0.10321475,1150.00100001,118.69706572,2017-12-25 19:39:12
ETH/NZDT,Buy,0.00149648,1219.99999995,1.82570560,2017-12-25 20:46:27
ETH/NZDT,Buy,0.00215563,1219.99999995,2.62986860,2017-12-25 20:46:27
ETH/NZDT,Buy,0.00213107,1219.99999996,2.59990540,2017-12-25 20:47:48
ETH/NZDT,Buy,0.04412202,1219.99999996,53.82886440,2017-12-25 20:48:03
ETH/NZDT,Buy,0.02391400,1219.99999996,29.17508000,2017-12-25 20:52:29
ETH/NZDT,Buy,0.00756777,1219.99999998,9.23267940,2017-12-25 20:53:07
ETH/NZDT,Buy,4.87889457,1220.00000000,5952.25137540,2017-12-25 20:54:05
ETH/NZDT,Buy,0.43011803,1220.00000000,524.74399660,2017-12-25 20:56:04
ETH/NZDT,Buy,0.63148211,1220.00000000,770.40817420,2017-12-25 20:57:27
ETH/NZDT,Sell,0.00224278,1170.23998786,2.62459084,2017-12-25 21:34:40
ETH/NZDT,Sell,0.00221022,1170.23998786,2.58648783,2017-12-25 21:34:40
ETH/NZDT,Buy,0.16322694,1170.23998786,191.01469228,2017-12-25 21:34:43
ETH/NZDT,Buy,0.00000006,1170.23998786,0.00007021,2017-12-25 21:34:58
ETH/NZDT,Buy,0.00220578,1234.99999999,2.72413830,2017-12-25 21:49:57
ETH/NZDT,Buy,0.00223827,1234.99999999,2.76426345,2017-12-25 21:49:57
ETH/NZDT,Buy,0.04650000,1235.00000000,57.42750000,2017-12-25 21:49:57
ETH/NZDT,Buy,1.00000000,1235.00000000,1235.00000000,2017-12-25 21:49:57
ETH/NZDT,Buy,0.00120000,1239.94999970,1.48794000,2017-12-25 21:49:57
ETH/NZDT,Buy,0.05365698,1240.00000000,66.53465520,2017-12-25 21:49:57
ETH/NZDT,Buy,0.02579186,1240.00000000,31.98190640,2017-12-25 21:49:57
ETH/NZDT,Buy,0.00195813,1243.24225845,2.43442996,2017-12-25 21:49:57
ETH/NZDT,Buy,0.04301741,1244.99999989,53.55667545,2017-12-25 21:49:57
ETH/NZDT,Buy,4.82088477,1248.00000000,6016.46419296,2017-12-25 21:49:57
ETH/NZDT,Sell,1.11000000,1245.00000000,1381.95000000,2017-12-25 22:12:22
ETH/NZDT,Sell,0.00202463,1200.00000004,2.42955600,2017-12-25 22:12:22
ETH/NZDT,Sell,0.00229893,1200.00000002,2.75871600,2017-12-25 22:12:22
ETH/NZDT,Sell,0.00226557,1200.00000002,2.71868400,2017-12-25 22:12:22
ETH/NZDT,Sell,0.00599937,1170.23998758,7.02070267,2017-12-25 22:12:22
ETH/NZDT,Sell,0.00019027,1170.23998758,0.22266156,2017-12-25 22:12:26
ETH/NZDT,Buy,0.00226102,1206.00000002,2.72679012,2017-12-25 22:12:32
ETH/NZDT,Buy,0.17911523,1248.00000000,223.53580704,2017-12-25 22:12:32
ETH/NZDT,Sell,0.01169587,1200.00000004,14.03504400,2017-12-25 22:12:36
ETH/NZDT,Sell,0.94148892,1170.23998758,1101.76798205,2017-12-25 22:12:36
ETH/NZDT,Sell,0.00234597,1160.00000004,2.72132520,2017-12-25 22:21:46
ETH/NZDT,Sell,0.00428328,1165.00000002,4.99002120,2017-12-25 22:29:59
ETH/NZDT,Buy,0.00776166,1165.00000002,9.04233390,2017-12-25 22:30:00
ETH/NZDT,Sell,0.01204494,1165.00000005,14.03235510,2017-12-25 22:37:22
ETH/NZDT,Buy,0.44212409,1165.00000005,515.07456487,2017-12-25 22:37:27
ETH/NZDT,Buy,0.00000009,1165.00000005,0.00010485,2017-12-25 22:37:28
ETH/NZDT,Buy,0.00229431,1248.99999999,2.86559319,2017-12-25 22:37:30
ETH/NZDT,Buy,0.00234125,1248.99999999,2.92422125,2017-12-25 22:37:30
ETH/NZDT,Sell,0.00114639,1170.00000007,1.34127630,2017-12-25 22:43:04
ETH/NZDT,Sell,0.00114639,1170.00000007,1.34127630,2017-12-25 22:43:04
ETH/NZDT,Sell,0.00114639,1170.00000007,1.34127630,2017-12-25 22:43:04
ETH/NZDT,Sell,0.00106768,1200.00000001,1.28121600,2017-12-25 22:48:05
ETH/NZDT,Sell,0.00019779,1200.00000001,0.23734800,2017-12-25 22:52:56
ETH/NZDT,Sell,0.00243197,1200.00000001,2.91836400,2017-12-25 22:52:56
ETH/NZDT,Sell,0.01090599,1200.00000000,13.08718800,2017-12-25 22:54:01
ETH/NZDT,Sell,0.00800797,1200.00000000,9.60956400,2017-12-25 22:57:20
ETH/NZDT,Sell,0.04800307,1200.00000000,57.60368400,2017-12-26 00:19:42
ETH/NZDT,Sell,0.93308297,1200.00000000,1119.69956400,2017-12-26 00:31:25
ETH/NZDT,Sell,1.24600000,1200.00000000,1495.20000000,2017-12-26 00:31:25
ETH/NZDT,Buy,0.23607784,1190.00000000,280.93262960,2017-12-26 00:32:49
ETH/NZDT,Buy,0.00220962,1189.99999999,2.62944780,2017-12-26 00:34:22
ETH/NZDT,Buy,0.00134293,1190.00000000,1.59808670,2017-12-26 00:34:57
ETH/NZDT,Buy,0.00134293,1190.00000000,1.59808670,2017-12-26 00:35:18
ETH/NZDT,Buy,0.03231106,1190.00000000,38.45016140,2017-12-26 00:35:22
ETH/NZDT,Buy,0.00284462,1190.00000000,3.38509780,2017-12-26 00:35:43
ETH/NZDT,Buy,0.24108058,1190.00000000,286.88589020,2017-12-26 00:37:41
ETH/NZDT,Sell,0.00130163,1160.00000022,1.50989080,2017-12-26 00:48:58
ETH/NZDT,Sell,0.00096060,1160.00000022,1.11429600,2017-12-26 00:48:58
ETH/NZDT,Sell,0.00034103,1160.00000021,0.39559480,2017-12-26 00:48:58
ETH/NZDT,Buy,0.00130163,1169.99690082,1.52290307,2017-12-26 00:50:19
ETH/NZDT,Sell,0.00140912,1160.00000024,1.63457920,2017-12-26 00:51:13
ETH/NZDT,Buy,0.00245507,1191.76428500,2.92586474,2017-12-26 00:51:27
ETH/NZDT,Buy,0.00130163,1191.76428501,1.55123615,2017-12-26 00:51:50
ETH/NZDT,Sell,0.00140912,1160.00000028,1.63457920,2017-12-26 00:54:04
ETH/NZDT,Sell,0.00109556,1160.00000028,1.27084960,2017-12-26 00:54:19
ETH/NZDT,Buy,0.00175015,1248.99999989,2.18593735,2017-12-26 00:58:14
ETH/NZDT,Buy,0.00242708,1248.99999990,3.03142292,2017-12-26 00:58:14
ETH/NZDT,Buy,0.39582277,1248.99999992,494.38263970,2017-12-26 00:58:14
ETH/NZDT,Sell,0.00118146,1160.00000096,1.37049360,2017-12-26 01:24:22
ETH/NZDT,Sell,0.00118146,1160.00000096,1.37049360,2017-12-26 01:24:23
ETH/NZDT,Sell,0.01194755,1160.00000119,13.85915801,2017-12-26 01:34:25
ETH/NZDT,Sell,0.20359101,1160.00000118,236.16557184,2017-12-26 01:34:25
ETH/NZDT,Sell,0.00086207,1160.00000116,1.00000120,2017-12-26 01:34:25
ETH/NZDT,Sell,0.00260807,1160.00000116,3.02536120,2017-12-26 01:34:25
ETH/NZDT,Sell,0.59709210,1160.00000115,692.62683669,2017-12-26 01:34:25
ETH/NZDT,Sell,0.59214123,1160.00000000,686.88382680,2017-12-26 01:34:25
ETH/NZDT,Buy,0.59175797,1160.00000000,686.43924520,2017-12-26 01:34:28
ETH/NZDT,Buy,0.00235817,1239.99999992,2.92413080,2017-12-26 01:34:28
ETH/NZDT,Buy,0.00575694,1239.99999993,7.13860560,2017-12-26 01:34:28
ETH/NZDT,Buy,0.00260283,1219.99999996,3.17545260,2017-12-26 02:04:42
ETH/NZDT,Buy,0.01645919,1219.99999997,20.08021180,2017-12-26 02:04:42
ETH/NZDT,Buy,0.00791686,1219.99999997,9.65856920,2017-12-26 02:04:43
ETH/NZDT,Sell,0.00086034,1219.99999996,1.04961480,2017-12-26 02:04:44
ETH/NZDT,Buy,0.00260283,1219.99999997,3.17545260,2017-12-26 02:04:48
ETH/NZDT,Buy,0.01905863,1219.99999997,23.25152860,2017-12-26 02:05:03
ETH/NZDT,Buy,0.15755350,1219.99999997,192.21527000,2017-12-26 02:05:15
ETH/NZDT,Sell,0.00108722,1160.00000173,1.26117520,2017-12-26 02:07:32
ETH/NZDT,Sell,0.00108722,1160.00000173,1.26117520,2017-12-26 02:07:33
ETH/NZDT,Buy,0.00217007,1166.04909880,2.53040817,2017-12-26 02:08:58
ETH/NZDT,Sell,0.00086881,1151.00000001,1.00000031,2017-12-26 02:09:13
ETH/NZDT,Sell,0.00025313,1151.00000001,0.29135263,2017-12-26 02:09:13
ETH/NZDT,Buy,0.10000000,1220.00000000,122.00000000,2017-12-26 02:16:23
ETH/NZDT,Buy,1.10000000,1220.00000000,1342.00000000,2017-12-26 02:45:01
ETH/NZDT,Buy,0.00114549,1154.11405470,1.32202611,2017-12-26 02:53:30
ETH/NZDT,Buy,0.00114549,1165.10561712,1.33461683,2017-12-26 02:53:30
ETH/NZDT,Sell,0.00222236,1165.10561715,2.58928412,2017-12-26 02:56:04
ETH/NZDT,Sell,0.00006862,1165.10561715,0.07994955,2017-12-26 02:56:04
ETH/NZDT,Sell,0.02500000,1220.00000000,30.50000000,2017-12-26 03:07:43
ETH/NZDT,Sell,0.00110730,1175.10561843,1.30119445,2017-12-26 04:30:10
ETH/NZDT,Sell,0.08819113,1175.10561849,103.63389236,2017-12-26 04:39:29
ETH/NZDT,Sell,0.03277197,1175.10561849,38.51052608,2017-12-26 04:39:51
ETH/NZDT,Sell,0.26085127,1175.10561847,306.52779296,2017-12-26 04:39:51
ETH/NZDT,Sell,0.05192141,1175.10561844,61.01314061,2017-12-26 04:39:51
ETH/NZDT,Sell,0.06664487,1175.10561844,78.31476118,2017-12-26 04:39:51
ETH/NZDT,Sell,0.40314635,1175.10561839,473.73954092,2017-12-26 04:39:51
ETH/NZDT,Sell,0.07990039,1175.10561839,93.89139720,2017-12-26 04:39:51
ETH/NZDT,Sell,0.00232284,1175.10561829,2.72958233,2017-12-26 04:39:51
ETH/NZDT,Sell,0.00085099,1175.10561850,1.00000313,2017-12-26 04:40:10
ETH/NZDT,Sell,0.36252832,1175.10561775,426.00906543,2017-12-26 04:40:10
ETH/NZDT,Sell,0.00135000,1175.10561775,1.58639258,2017-12-26 04:41:04
ETH/NZDT,Sell,0.00135000,1175.10561775,1.58639258,2017-12-26 04:41:18
ETH/NZDT,Sell,0.00135000,1175.10561775,1.58639258,2017-12-26 04:41:23
ETH/NZDT,Sell,0.00135000,1175.10561775,1.58639258,2017-12-26 04:41:29
ETH/NZDT,Sell,0.00135000,1175.10561775,1.58639258,2017-12-26 04:41:39
ETH/NZDT,Sell,0.00135000,1175.10561775,1.58639258,2017-12-26 04:42:23
ETH/NZDT,Sell,0.81300375,1200.00000000,975.60450000,2017-12-26 04:42:53
ETH/NZDT,Sell,0.01799625,1200.00000000,21.59550000,2017-12-26 04:42:57
ETH/NZDT,Sell,0.01108072,1175.10561775,13.02101632,2017-12-26 04:43:00
ETH/NZDT,Sell,0.04562909,1175.10561776,53.61899999,2017-12-26 04:51:36
ETH/NZDT,Sell,0.08069656,1175.10561775,94.82698099,2017-12-26 04:51:40
ETH/NZDT,Sell,0.00190445,1175.10561775,2.23792989,2017-12-26 04:52:19
ETH/NZDT,Sell,0.00190445,1175.10561775,2.23792989,2017-12-26 04:52:20
ETH/NZDT,Sell,0.10079024,1175.10561775,118.43917724,2017-12-26 05:01:29
ETH/NZDT,Sell,0.10079024,1175.10561775,118.43917724,2017-12-26 05:01:30
ETH/NZDT,Sell,0.10079024,1175.10561775,118.43917724,2017-12-26 05:01:30
ETH/NZDT,Sell,0.10079024,1175.10561775,118.43917724,2017-12-26 05:01:41
ETH/NZDT,Sell,0.10079024,1175.10561775,118.43917724,2017-12-26 05:01:50
ETH/NZDT,Sell,0.10079024,1175.10561775,118.43917724,2017-12-26 05:02:00
ETH/NZDT,Sell,0.23401191,1175.10561775,274.98871006,2017-12-26 05:04:01
ETH/NZDT,Sell,1.83457590,1175.10561775,2155.82044628,2017-12-26 05:04:15
ETH/NZDT,Sell,0.02536915,1175.10561776,29.81143068,2017-12-26 05:06:17
ETH/NZDT,Sell,0.07642542,1175.10561775,89.80794038,2017-12-26 05:06:17
ETH/NZDT,Sell,0.10179683,1175.10561775,119.62202680,2017-12-26 05:06:42
ETH/NZDT,Sell,0.56323650,1175.10561775,661.86237527,2017-12-26 05:06:43
ETH/NZDT,Sell,0.01320750,1175.10561775,15.52020745,2017-12-26 05:06:45
ETH/NZDT,Sell,0.30335521,1175.10561775,356.47441144,2017-12-26 05:06:46
ETH/NZDT,Sell,0.30103270,1175.10561775,353.74521690,2017-12-26 05:06:46
ETH/NZDT,Sell,0.04292925,1175.10561775,50.44640284,2017-12-26 05:06:48
ETH/NZDT,Sell,0.01768623,1175.10561739,20.78318822,2017-12-26 05:07:07
ETH/NZDT,Sell,0.09054974,1165.10561715,105.50001071,2017-12-26 05:08:54
ETH/NZDT,Sell,0.00627477,1165.10561712,7.31076977,2017-12-26 05:08:54
ETH/NZDT,Sell,0.00198360,1151.00000001,2.28312360,2017-12-26 05:13:38
ETH/NZDT,Sell,0.01362485,1151.00000000,15.68220235,2017-12-26 05:13:38
ETH/NZDT,Sell,0.64340000,1150.00100000,739.91064340,2017-12-26 05:13:38
ETH/NZDT,Sell,0.28796075,1147.00000000,330.29098025,2017-12-26 05:13:38
ETH/NZDT,Sell,0.01803925,1147.00000000,20.69101975,2017-12-26 05:13:46
ETH/NZDT,Buy,0.00135123,1170.93114485,1.58219729,2017-12-26 05:42:19
ETH/NZDT,Buy,0.01381278,1170.93114481,16.17381430,2017-12-26 05:43:53
ETH/NZDT,Sell,0.00137307,1150.00000001,1.57903050,2017-12-26 05:48:03
ETH/NZDT,Sell,0.01898583,1150.00000000,21.83370450,2017-12-26 05:48:03
ETH/NZDT,Buy,0.00086666,1170.93114468,1.01479919,2017-12-26 05:54:03
ETH/NZDT,Buy,0.00400244,1170.93114468,4.68658165,2017-12-26 05:54:03
ETH/NZDT,Buy,0.00137031,1170.93114468,1.60453866,2017-12-26 05:54:03
ETH/NZDT,Buy,0.05646059,1170.93114469,66.11146328,2017-12-26 05:54:03
ETH/NZDT,Sell,0.00371402,1150.00000003,4.27112300,2017-12-26 06:06:18
ETH/NZDT,Sell,0.02143255,1150.00000000,24.64743250,2017-12-26 06:06:24
ETH/NZDT,Sell,0.03450218,1150.00000000,39.67750700,2017-12-26 06:08:30
ETH/NZDT,Buy,0.08650543,1153.68929627,99.80038866,2017-12-26 06:09:17
ETH/NZDT,Buy,0.00550000,1153.68929627,6.34529113,2017-12-26 06:09:54
ETH/NZDT,Buy,0.19057790,1153.68929624,219.86768333,2017-12-26 06:13:19
ETH/NZDT,Buy,0.56886980,1153.68929627,656.29899923,2017-12-26 06:13:32
ETH/NZDT,Buy,0.05668024,1153.68929627,65.39138620,2017-12-26 06:13:32
ETH/NZDT,Buy,0.00933661,1153.68929627,10.77154702,2017-12-26 06:13:32
ETH/NZDT,Buy,0.19330600,1153.68929631,223.01506311,2017-12-26 06:13:44
ETH/NZDT,Buy,0.01612465,1153.68929631,18.60283611,2017-12-26 06:13:44
ETH/NZDT,Buy,0.03204356,1153.68929631,36.96831219,2017-12-26 06:13:44
ETH/NZDT,Buy,0.02021545,1153.68929631,23.32234829,2017-12-26 06:19:22
ETH/NZDT,Buy,0.10320822,1153.68929631,119.07021871,2017-12-26 06:31:25
ETH/NZDT,Buy,0.10320822,1153.68929631,119.07021871,2017-12-26 06:31:36
ETH/NZDT,Buy,0.00427131,1153.68929630,4.92776463,2017-12-26 07:04:52
ETH/NZDT,Buy,0.00086679,1153.68929630,1.00000635,2017-12-26 07:04:52
ETH/NZDT,Buy,0.07578063,1153.68929630,87.42730170,2017-12-26 07:04:52
ETH/NZDT,Buy,0.21728448,1153.68929630,250.67877883,2017-12-26 07:04:52
ETH/NZDT,Buy,0.04132683,1153.68929630,47.67832142,2017-12-26 07:04:52
ETH/NZDT,Buy,0.04252002,1153.68929631,49.05489195,2017-12-26 07:08:04
ETH/NZDT,Sell,0.05173380,1153.68929630,59.68473132,2017-12-26 07:08:47
ETH/NZDT,Buy,0.01751611,1153.68929631,20.20814862,2017-12-26 07:09:51
ETH/NZDT,Buy,0.00717265,1153.68929631,8.27500953,2017-12-26 07:10:48
ETH/NZDT,Buy,0.00350663,1164.14812619,4.08223674,2017-12-26 07:13:47
ETH/NZDT,Buy,0.00350663,1175.23525120,4.12111519,2017-12-26 07:18:09
ETH/NZDT,Sell,0.00389096,1164.14812628,4.52965379,2017-12-26 07:25:56
ETH/NZDT,Sell,0.00215586,1164.14812628,2.50974038,2017-12-26 07:25:56
ETH/NZDT,Sell,0.03764048,1164.14812627,43.81909426,2017-12-26 07:25:56
ETH/NZDT,Sell,0.00406130,1164.14812631,4.72795479,2017-12-26 07:47:18
ETH/NZDT,Sell,0.00225024,1164.14812631,2.61961268,2017-12-26 07:47:18
ETH/NZDT,Sell,0.20637786,1164.14812630,240.25439903,2017-12-26 07:47:18
ETH/NZDT,Sell,0.00238962,1164.14812631,2.78187165,2017-12-26 07:50:09
ETH/NZDT,Sell,0.00539160,1164.14812631,6.27662104,2017-12-26 07:50:10
ETH/NZDT,Sell,0.00692719,1164.14812629,8.06427526,2017-12-26 07:50:10
ETH/NZDT,Sell,0.00393531,1164.14812629,4.58128376,2017-12-26 07:50:10
ETH/NZDT,Sell,0.02619821,1164.14812627,30.49859708,2017-12-26 07:50:10
ETH/NZDT,Sell,0.01934077,1164.14812627,22.51552116,2017-12-26 07:50:10
ETH/NZDT,Sell,0.33166409,1164.14812620,386.10612890,2017-12-26 07:50:10
ETH/NZDT,Sell,0.00238962,1164.14812620,2.78187165,2017-12-26 07:50:18
ETH/NZDT,Buy,0.00609995,1164.14812627,7.10124536,2017-12-26 07:50:26
ETH/NZDT,Sell,0.12239842,1165.00000000,142.59415930,2017-12-26 07:50:45
ETH/NZDT,Sell,0.00741336,1164.14812631,8.63024915,2017-12-26 07:50:45
ETH/NZDT,Sell,0.00484749,1164.14812620,5.64319640,2017-12-26 07:50:45
ETH/NZDT,Sell,0.00401186,1164.14812620,4.67039930,2017-12-26 07:51:41
ETH/NZDT,Sell,0.01624646,1150.00000011,18.68342900,2017-12-26 07:51:41
ETH/NZDT,Sell,0.02025832,1150.00000011,23.29706800,2017-12-26 07:51:41
ETH/NZDT,Sell,0.10105716,1150.00000011,116.21573401,2017-12-26 07:53:26
ETH/NZDT,Sell,0.10105716,1150.00000011,116.21573401,2017-12-26 07:53:26
ETH/NZDT,Sell,0.10105716,1150.00000011,116.21573401,2017-12-26 07:53:27
ETH/NZDT,Buy,0.00405314,1164.99999989,4.72190810,2017-12-26 08:02:28
ETH/NZDT,Sell,0.00858369,1164.99999989,9.99999885,2017-12-26 08:04:16
ETH/NZDT,Sell,0.22505301,1164.99999989,262.18675663,2017-12-26 08:04:18
ETH/NZDT,Sell,0.00858369,1164.99999989,9.99999885,2017-12-26 08:06:25
ETH/NZDT,Sell,0.00858369,1164.99999989,9.99999885,2017-12-26 08:08:00
ETH/NZDT,Sell,0.00240509,1164.99999989,2.80192985,2017-12-26 08:08:51
ETH/NZDT,Sell,0.00858369,1164.99999989,9.99999885,2017-12-26 08:09:35
ETH/NZDT,Sell,0.02021983,1164.99999989,23.55610195,2017-12-26 08:10:24
ETH/NZDT,Sell,0.02021983,1164.99999989,23.55610195,2017-12-26 08:10:44
ETH/NZDT,Sell,0.04554964,1164.99999989,53.06533059,2017-12-26 08:10:49
ETH/NZDT,Sell,0.02397981,1164.99999989,27.93647865,2017-12-26 08:11:06
ETH/NZDT,Sell,0.00422826,1164.99999989,4.92592290,2017-12-26 08:11:06
ETH/NZDT,Sell,0.00409779,1150.00000012,4.71245850,2017-12-26 08:12:10
ETH/NZDT,Sell,0.01657462,1150.00000011,19.06081300,2017-12-26 08:12:10
ETH/NZDT,Sell,0.02067241,1150.00000011,23.77327150,2017-12-26 08:12:11
ETH/NZDT,Sell,0.02067241,1150.00000011,23.77327150,2017-12-26 08:12:11
ETH/NZDT,Buy,0.00126201,1164.99999987,1.47024165,2017-12-26 08:18:51
ETH/NZDT,Buy,0.00408955,1164.99999985,4.76432575,2017-12-26 08:30:29
ETH/NZDT,Buy,0.00772704,1164.99999986,9.00200160,2017-12-26 08:30:29
ETH/NZDT,Buy,0.03979810,1164.99999988,46.36478650,2017-12-26 08:30:29
ETH/NZDT,Buy,0.00819672,1165.00000000,9.54917880,2017-12-26 08:30:29
ETH/NZDT,Buy,0.00224572,1169.96886694,2.62742248,2017-12-26 08:30:29
ETH/NZDT,Buy,0.41403968,1220.00000000,505.12840960,2017-12-26 08:30:29
ETH/NZDT,Buy,0.02390319,1220.00000000,29.16189180,2017-12-26 08:30:29
ETH/NZDT,Sell,0.02016975,1150.00000014,23.19521250,2017-12-26 08:30:41
ETH/NZDT,Sell,0.02016975,1150.00000014,23.19521250,2017-12-26 08:30:41
ETH/NZDT,Sell,0.02016975,1150.00000014,23.19521250,2017-12-26 08:30:41
ETH/NZDT,Sell,0.00413460,1150.00000012,4.75479000,2017-12-26 08:32:22
ETH/NZDT,Sell,0.01603515,1150.00000011,18.44042250,2017-12-26 08:32:22
ETH/NZDT,Sell,0.00228015,1150.00000012,2.62217250,2017-12-26 08:32:59
ETH/NZDT,Sell,0.00973906,1150.00000011,11.19991900,2017-12-26 08:32:59
ETH/NZDT,Sell,0.00485546,1150.00000011,5.58377900,2017-12-26 08:33:25
ETH/NZDT,Sell,0.02794189,1150.00000014,32.13317350,2017-12-26 08:36:18
ETH/NZDT,Sell,0.14538034,1150.00000014,167.18739102,2017-12-26 08:36:18
ETH/NZDT,Sell,0.00568941,1150.00000011,6.54282150,2017-12-26 08:36:18
ETH/NZDT,Sell,0.48151986,1150.00000011,553.74783905,2017-12-26 08:36:18
ETH/NZDT,Sell,0.02817750,1150.00000011,32.40412500,2017-12-26 08:36:54
ETH/NZDT,Sell,0.17330681,1150.00000011,199.30283152,2017-12-26 08:37:06
ETH/NZDT,Sell,0.09863823,1150.00000000,113.43396450,2017-12-26 08:37:06
ETH/NZDT,Sell,0.07093588,1150.00000000,81.57626200,2017-12-26 08:37:06
ETH/NZDT,Sell,0.00485318,1150.00000015,5.58115700,2017-12-26 08:38:50
ETH/NZDT,Sell,0.00903703,1150.00000000,10.39258450,2017-12-26 08:38:50
ETH/NZDT,Sell,0.00516949,1150.00000000,5.94491350,2017-12-26 08:39:25
ETH/NZDT,Sell,0.00018220,1150.00000000,0.20953000,2017-12-26 08:47:47
ETH/NZDT,Buy,0.00412629,1149.99999999,4.74523350,2017-12-26 08:49:31
ETH/NZDT,Buy,0.01211288,1150.00000000,13.92981200,2017-12-26 08:51:24
ETH/NZDT,Buy,0.23383148,1151.00000090,269.14003369,2017-12-26 08:51:44
ETH/NZDT,Buy,0.00713368,1149.99999999,8.20373200,2017-12-26 08:56:55
ETH/NZDT,Buy,0.00227557,1155.75000010,2.62999003,2017-12-26 08:57:24
ETH/NZDT,Buy,0.00803860,1155.75000011,9.29061195,2017-12-26 09:00:54
ETH/NZDT,Sell,0.00424729,1115.00000021,4.73572835,2017-12-26 09:25:36
ETH/NZDT,Sell,0.00235401,1115.00000021,2.62472115,2017-12-26 09:25:36
ETH/NZDT,Buy,0.99339870,1115.00000021,1107.63955071,2017-12-26 09:25:41
ETH/NZDT,Buy,0.00182158,1166.22283412,2.12436819,2017-12-26 09:25:41
ETH/NZDT,Buy,0.00234928,1172.80370278,2.75524428,2017-12-26 10:00:26
ETH/NZDT,Buy,0.00423875,1172.80370278,4.97122170,2017-12-26 10:00:26
ETH/NZDT,Buy,0.00338068,1172.80370279,3.96487402,2017-12-26 10:00:53
ETH/NZDT,Sell,0.00233765,1176.28012450,2.74973123,2017-12-26 10:01:39
ETH/NZDT,Sell,0.00014955,1166.93968427,0.17451583,2017-12-26 10:01:39
ETH/NZDT,Sell,0.00100000,1120.00000008,1.12000000,2017-12-26 10:02:01
ETH/NZDT,Sell,0.00100000,1121.00000009,1.12100000,2017-12-26 10:03:08
ETH/NZDT,Sell,0.00248388,1160.99999981,2.88378468,2017-12-26 10:16:52
ETH/NZDT,Sell,0.00248388,1160.99999981,2.88378468,2017-12-26 10:17:02
ETH/NZDT,Sell,0.00248388,1160.99999981,2.88378468,2017-12-26 10:17:08
ETH/NZDT,Sell,0.00254742,1160.99999982,2.95755462,2017-12-26 10:17:16
ETH/NZDT,Sell,0.00044500,1160.99999982,0.51664500,2017-12-26 10:17:20
ETH/NZDT,Sell,0.00210242,1160.99999981,2.44090962,2017-12-26 10:17:20
ETH/NZDT,Sell,0.01044594,1160.99999981,12.12773634,2017-12-26 10:17:20
ETH/NZDT,Buy,0.00176924,1160.99999979,2.05408764,2017-12-26 10:19:02
ETH/NZDT,Buy,0.00286435,1160.99999981,3.32551035,2017-12-26 10:19:13
ETH/NZDT,Buy,0.00233295,1160.99999980,2.70855495,2017-12-26 10:19:26
ETH/NZDT,Buy,0.00180070,1160.99999980,2.09061270,2017-12-26 10:19:39
ETH/NZDT,Sell,0.00427258,1121.00000019,4.78956218,2017-12-26 10:26:48
ETH/NZDT,Sell,0.00186983,1121.00000018,2.09607943,2017-12-26 10:26:48
ETH/NZDT,Sell,0.00132627,1121.00000018,1.48674867,2017-12-26 10:26:48
ETH/NZDT,Sell,0.00310915,1121.00000016,3.48535715,2017-12-26 10:26:48
ETH/NZDT,Sell,0.00833576,1121.00000011,9.34438696,2017-12-26 10:26:48
ETH/NZDT,Buy,0.00233295,1182.16152503,2.75792373,2017-12-26 10:27:45
ETH/NZDT,Buy,0.00426399,1182.16152503,5.04072492,2017-12-26 10:27:45
ETH/NZDT,Sell,0.02909902,1182.16152503,34.39974186,2017-12-26 10:27:52
ETH/NZDT,Sell,0.00229392,1182.16152503,2.71178397,2017-12-26 10:27:55
ETH/NZDT,Buy,0.00833576,1182.16152472,9.85421475,2017-12-26 10:49:51
ETH/NZDT,Buy,0.02286675,1182.16152475,27.03219205,2017-12-26 10:49:51
ETH/NZDT,Buy,0.00993443,1182.16152475,11.74410092,2017-12-26 10:49:51
ETH/NZDT,Buy,0.00100000,1182.16152479,1.18216152,2017-12-26 10:49:51
ETH/NZDT,Buy,0.04226306,1182.16152479,49.96176345,2017-12-26 10:49:51
ETH/NZDT,Buy,0.02499225,1182.16152502,29.54487637,2017-12-26 11:27:06
ETH/NZDT,Buy,0.01268862,1182.16152503,14.99999837,2017-12-26 11:30:31
ETH/NZDT,Sell,0.01263797,1182.16152503,14.94012189,2017-12-26 11:31:26
ETH/NZDT,Sell,0.02171946,1182.16152504,25.67590996,2017-12-26 11:31:48
ETH/NZDT,Sell,0.30195128,1182.16152505,356.95518566,2017-12-26 11:33:28
ETH/NZDT,Sell,0.03465998,1182.16152505,40.97369482,2017-12-26 11:33:31
ETH/NZDT,Sell,0.03620000,1182.16152505,42.79424721,2017-12-26 11:33:58
ETH/NZDT,Sell,0.19742730,1182.16152505,233.39095805,2017-12-26 11:35:32
ETH/NZDT,Sell,0.02019015,1182.16152505,23.86801851,2017-12-26 11:35:36
ETH/NZDT,Sell,0.02019015,1182.16152505,23.86801851,2017-12-26 11:35:37
ETH/NZDT,Sell,0.02019015,1182.16152505,23.86801851,2017-12-26 11:35:37
ETH/NZDT,Sell,0.00398185,1182.16152505,4.70718987,2017-12-26 11:35:47
ETH/NZDT,Sell,0.02017383,1182.16152505,23.84872564,2017-12-26 11:35:47
ETH/NZDT,Sell,0.02017383,1182.16152505,23.84872564,2017-12-26 11:35:48
ETH/NZDT,Sell,0.02017383,1182.16152505,23.84872564,2017-12-26 11:35:49
ETH/NZDT,Sell,0.06726478,1182.16152505,79.51783491,2017-12-26 11:35:56
ETH/NZDT,Sell,0.00151355,1182.16152504,1.78926058,2017-12-26 11:36:01
ETH/NZDT,Buy,0.20000000,1193.86500010,238.77300002,2017-12-26 11:55:21
ETH/NZDT,Buy,0.00310290,1193.86500005,3.70444371,2017-12-26 12:16:21
ETH/NZDT,Buy,0.00318968,1193.86500005,3.80804731,2017-12-26 12:16:21
ETH/NZDT,Buy,0.00843736,1193.86500005,10.07306880,2017-12-26 12:16:21
ETH/NZDT,Sell,0.00153592,1121.00000276,1.72176632,2017-12-26 13:23:35
ETH/NZDT,Sell,0.00049254,1121.00000276,0.55213734,2017-12-26 13:23:35
ETH/NZDT,Buy,0.01054113,1193.86499994,12.58468617,2017-12-26 13:35:43
ETH/NZDT,Buy,0.00456027,1193.86499994,5.44434674,2017-12-26 13:35:46
ETH/NZDT,Buy,0.01054113,1193.86499994,12.58468617,2017-12-26 13:36:01
ETH/NZDT,Buy,0.00097718,1129.99999999,1.10421340,2017-12-26 14:17:54
ETH/NZDT,Sell,0.00205295,1129.99999999,2.31983350,2017-12-26 14:17:57
ETH/NZDT,Sell,0.01275629,1121.00000355,14.29980114,2017-12-26 14:17:57
ETH/NZDT,Sell,0.00143556,1121.00000354,1.60926277,2017-12-26 14:17:57
ETH/NZDT,Sell,0.00443971,1121.00000390,4.97691493,2017-12-26 15:08:47
ETH/NZDT,Sell,0.00242909,1121.00000390,2.72300990,2017-12-26 15:08:47
ETH/NZDT,Sell,0.00193464,1121.00000389,2.16873145,2017-12-26 15:08:47
ETH/NZDT,Sell,0.00106476,1121.00000389,1.19359596,2017-12-26 15:08:47
ETH/NZDT,Sell,0.01301433,1121.00000389,14.58906398,2017-12-26 15:08:47
ETH/NZDT,Sell,0.00795050,1121.00000389,8.91251053,2017-12-26 15:08:47
ETH/NZDT,Sell,0.00423315,1121.00000387,4.74536117,2017-12-26 15:08:47
ETH/NZDT,Sell,0.00227934,1121.00000078,2.55514014,2017-12-26 15:25:00
ETH/NZDT,Sell,0.00967066,1121.00000077,10.84080987,2017-12-26 15:25:00
ETH/NZDT,Sell,0.10000000,1121.00000074,112.10000007,2017-12-26 15:25:25
ETH/NZDT,Sell,0.16670348,1121.00000008,186.87460109,2017-12-26 15:25:25
ETH/NZDT,Sell,0.00754443,1121.00000008,8.45730603,2017-12-26 15:25:38
ETH/NZDT,Sell,0.01243150,1121.00000008,13.93571150,2017-12-26 15:25:52
ETH/NZDT,Sell,0.00602654,1121.00000078,6.75575134,2017-12-26 15:30:46
ETH/NZDT,Sell,0.00018966,1121.00000011,0.21260886,2017-12-26 15:30:46
ETH/NZDT,Sell,0.00837620,1121.00000011,9.38972020,2017-12-26 15:48:25
ETH/NZDT,Sell,0.00371820,1122.00000000,4.17182040,2017-12-26 15:49:32
ETH/NZDT,Sell,0.00799000,1123.00000000,8.97277000,2017-12-26 16:24:00
ETH/NZDT,Sell,0.04177868,1123.00000000,46.91745764,2017-12-26 16:30:39
ETH/NZDT,Sell,0.02554683,1123.00000000,28.68909009,2017-12-26 16:47:06
ETH/NZDT,Sell,0.00798000,1123.00000000,8.96154000,2017-12-26 16:47:46
ETH/NZDT,Sell,0.09444340,1123.00000000,106.05993820,2017-12-26 16:48:00
ETH/NZDT,Sell,0.00970731,1122.00000000,10.89160182,2017-12-26 16:48:00
ETH/NZDT,Buy,0.08042371,1157.12222607,93.06006234,2017-12-26 16:58:41
ETH/NZDT,Buy,0.00443079,1157.12222610,5.12696559,2017-12-26 16:58:41
ETH/NZDT,Buy,0.00102402,1157.12222611,1.18491630,2017-12-26 16:58:41
ETH/NZDT,Buy,0.00159663,1157.12222611,1.84749606,2017-12-26 16:58:41
ETH/NZDT,Buy,0.01319085,1157.12222617,15.26342572,2017-12-26 16:58:41
ETH/NZDT,Buy,0.00349810,1157.12222622,4.04772926,2017-12-26 16:58:41
ETH/NZDT,Sell,0.00242421,1157.12222622,2.80510727,2017-12-26 16:58:47
ETH/NZDT,Buy,0.00451467,1157.12222628,5.22402500,2017-12-26 17:03:18
ETH/NZDT,Sell,0.00456034,1122.00000001,5.11670148,2017-12-26 17:09:41
ETH/NZDT,Sell,0.00249509,1122.00000001,2.79949098,2017-12-26 17:09:41
ETH/NZDT,Sell,0.01603308,1122.00000000,17.98911576,2017-12-26 17:09:41
ETH/NZDT,Sell,0.02133173,1122.00000000,23.93420106,2017-12-26 17:10:04
ETH/NZDT,Sell,0.02133173,1122.00000000,23.93420106,2017-12-26 17:10:11
ETH/NZDT,Sell,0.01206497,1122.00000000,13.53689634,2017-12-26 17:10:14
ETH/NZDT,Sell,0.00484099,1122.00000000,5.43159078,2017-12-26 17:10:15
ETH/NZDT,Sell,0.06761310,1121.00000008,75.79428511,2017-12-26 17:10:16
ETH/NZDT,Sell,0.02141629,1121.00000008,24.00766109,2017-12-26 17:10:25
ETH/NZDT,Sell,0.02141629,1121.00000008,24.00766109,2017-12-26 17:10:25
ETH/NZDT,Sell,0.02141629,1121.00000008,24.00766109,2017-12-26 17:10:27
ETH/NZDT,Sell,0.18145862,1121.00000008,203.41511303,2017-12-26 17:10:39
ETH/NZDT,Sell,0.08902801,1121.00000000,99.80039921,2017-12-26 17:10:39
ETH/NZDT,Sell,0.02593346,1120.00000000,29.04547520,2017-12-26 17:10:39
ETH/NZDT,Sell,0.02062780,1115.00000021,22.99999700,2017-12-26 17:10:39
ETH/NZDT,Sell,0.06645594,1109.00000501,73.69963779,2017-12-26 17:10:39
ETH/NZDT,Buy,0.02141629,1121.00000008,24.00766109,2017-12-26 17:10:45
ETH/NZDT,Buy,0.02141629,1121.00000008,24.00766109,2017-12-26 17:10:45
ETH/NZDT,Buy,0.02141629,1121.00000008,24.00766109,2017-12-26 17:10:45
ETH/NZDT,Sell,0.07245920,1121.00000011,81.22676321,2017-12-26 17:10:58
ETH/NZDT,Sell,0.00228319,1109.00000502,2.53205772,2017-12-26 17:16:55
ETH/NZDT,Buy,0.00455117,1121.00000008,5.10186157,2017-12-26 17:19:40
ETH/NZDT,Buy,0.00133127,1121.00000009,1.49235367,2017-12-26 17:19:56
ETH/NZDT,Buy,0.03359608,1121.00000000,37.66120568,2017-12-26 17:31:11
ETH/NZDT,Buy,0.03969520,1121.00000000,44.49831920,2017-12-26 17:31:16
ETH/NZDT,Buy,0.00290921,1121.00000010,3.26122441,2017-12-26 17:31:16
ETH/NZDT,Buy,0.00249007,1127.61000001,2.80782783,2017-12-26 17:31:16
ETH/NZDT,Sell,0.00459121,1109.00000511,5.09165191,2017-12-26 17:32:39
ETH/NZDT,Sell,0.00129123,1109.00000510,1.43197408,2017-12-26 17:32:39
ETH/NZDT,Buy,0.00458198,1160.80500291,5.31878531,2017-12-26 17:47:35
ETH/NZDT,Buy,0.13670807,1160.80500292,158.69141160,2017-12-26 17:47:35
ETH/NZDT,Sell,0.00208904,1160.80500293,2.42496808,2017-12-26 17:49:45
ETH/NZDT,Sell,0.11517992,1160.80500292,133.70142737,2017-12-26 17:49:45
ETH/NZDT,Sell,0.00126406,1160.80500292,1.46732717,2017-12-26 17:51:00
ETH/NZDT,Sell,0.00684143,1160.80500292,7.94156617,2017-12-26 17:51:05
ETH/NZDT,Sell,0.00471179,1160.80500292,5.46946940,2017-12-26 17:51:17
ETH/NZDT,Sell,0.00471334,1160.80500292,5.47126865,2017-12-26 17:51:46
ETH/NZDT,Sell,0.02137028,1160.80500292,24.80672794,2017-12-26 17:51:55
ETH/NZDT,Sell,0.02137028,1160.80500292,24.80672794,2017-12-26 17:51:55
ETH/NZDT,Sell,0.02137028,1160.80500292,24.80672794,2017-12-26 17:51:56
ETH/NZDT,Sell,0.00471334,1160.80500292,5.47126865,2017-12-26 17:51:56
ETH/NZDT,Sell,0.00472404,1160.80500292,5.48368927,2017-12-26 17:52:09
ETH/NZDT,Sell,0.10607710,1160.80500292,123.13482838,2017-12-26 17:52:11
ETH/NZDT,Sell,0.00472404,1160.80500292,5.48368927,2017-12-26 17:52:25
ETH/NZDT,Sell,0.00472404,1160.80500292,5.48368927,2017-12-26 17:52:33
ETH/NZDT,Sell,0.02516299,1160.80500292,29.20932468,2017-12-26 17:52:33
ETH/NZDT,Sell,0.10604915,1160.80500292,123.10238388,2017-12-26 17:52:35
ETH/NZDT,Sell,0.00472404,1160.80500292,5.48368927,2017-12-26 17:52:39
ETH/NZDT,Sell,0.02128641,1160.80500292,24.70937122,2017-12-26 17:52:39
ETH/NZDT,Sell,0.00472404,1160.80500292,5.48368927,2017-12-26 17:52:46
ETH/NZDT,Sell,0.02128641,1160.80500292,24.70937122,2017-12-26 17:52:49
ETH/NZDT,Sell,0.00472404,1160.80500292,5.48368927,2017-12-26 17:52:55
ETH/NZDT,Sell,0.02128641,1160.80500292,24.70937122,2017-12-26 17:53:06
ETH/NZDT,Sell,0.02044493,1160.80500292,23.73257703,2017-12-26 17:53:16
ETH/NZDT,Sell,0.84993386,1160.80500292,986.60747684,2017-12-26 17:53:29
ETH/NZDT,Sell,0.00473748,1160.80500292,5.49929049,2017-12-26 17:53:50
ETH/NZDT,Sell,0.00086148,1160.80500293,1.00001029,2017-12-26 17:58:30
ETH/NZDT,Sell,0.00040397,1160.80500292,0.46893040,2017-12-26 17:58:30
ETH/NZDT,Sell,0.00010296,1160.80500292,0.11951648,2017-12-26 18:09:02
ETH/NZDT,Buy,0.70794268,1160.80500298,821.78340477,2017-12-26 18:43:23
ETH/NZDT,Buy,0.20000000,1110.00000000,222.00000000,2017-12-26 18:51:06
ETH/NZDT,Buy,0.00024166,1160.80500299,0.28052014,2017-12-26 18:51:06
ETH/NZDT,Buy,0.00193003,1160.80500299,2.24038848,2017-12-26 18:51:09
ETH/NZDT,Buy,0.00097008,1160.80500299,1.12607372,2017-12-26 18:51:09
ETH/NZDT,Buy,0.00197313,1166.72191830,2.30209402,2017-12-26 19:26:51
ETH/NZDT,Buy,0.00354546,1166.72191831,4.13656589,2017-12-26 19:26:51
ETH/NZDT,Buy,0.00340406,1161.62212135,3.95423140,2017-12-26 20:05:37
ETH/NZDT,Buy,0.00326831,1162.67384679,3.79997856,2017-12-26 20:19:06
ETH/NZDT,Sell,0.08256865,1162.67384679,96.00040992,2017-12-26 20:19:09
ETH/NZDT,Sell,0.00077986,1120.00000002,0.87344320,2017-12-26 20:19:09
ETH/NZDT,Buy,0.00096000,1173.74693105,1.12679705,2017-12-26 20:22:04
ETH/NZDT,Buy,0.00313037,1159.83595788,3.63071569,2017-12-26 20:35:25
ETH/NZDT,Buy,0.00313037,1170.88201463,3.66529393,2017-12-26 20:35:25
ETH/NZDT,Sell,0.09373926,1173.00000000,109.95615198,2017-12-26 20:35:34
ETH/NZDT,Sell,0.00128688,1145.00000004,1.47347760,2017-12-26 20:35:34
ETH/NZDT,Sell,0.00039762,1145.00000004,0.45527490,2017-12-26 20:35:38
ETH/NZDT,Buy,0.15763036,1162.01312799,183.16854769,2017-12-26 20:58:20
ETH/NZDT,Buy,0.00293214,1163.10589774,3.41038933,2017-12-26 20:58:20
ETH/NZDT,Sell,0.00168111,1163.10589774,1.95530896,2017-12-26 21:20:40
ETH/NZDT,Buy,0.00112653,1162.01312801,1.30904265,2017-12-26 21:20:47
ETH/NZDT,Buy,0.03689371,1162.01312801,42.87097536,2017-12-26 21:22:28
ETH/NZDT,Sell,0.00281520,1162.01312801,3.27129936,2017-12-26 21:23:03
ETH/NZDT,Sell,0.00098206,1162.01312802,1.14116661,2017-12-26 21:25:23
ETH/NZDT,Sell,0.02037865,1162.01312801,23.68025883,2017-12-26 21:25:23
ETH/NZDT,Sell,0.02136071,1162.01312801,24.82142544,2017-12-26 21:25:23
ETH/NZDT,Sell,0.02133030,1162.01312801,24.78608862,2017-12-26 21:25:41
ETH/NZDT,Sell,0.02133030,1162.01312801,24.78608862,2017-12-26 21:25:41
ETH/NZDT,Sell,0.02133030,1162.01312801,24.78608862,2017-12-26 21:25:42
ETH/NZDT,Sell,0.02145041,1162.01312804,24.92565802,2017-12-26 21:26:29
ETH/NZDT,Sell,0.24746817,1162.01312804,287.56126231,2017-12-26 21:27:01
ETH/NZDT,Sell,0.00207820,1162.01312802,2.41489568,2017-12-26 21:27:01
ETH/NZDT,Sell,0.21796721,1162.01312801,253.28075950,2017-12-26 21:27:01
ETH/NZDT,Sell,0.00285698,1162.01312802,3.31984827,2017-12-26 21:28:17
ETH/NZDT,Sell,0.01857910,1162.01312801,21.58915811,2017-12-26 21:28:17
ETH/NZDT,Sell,0.02143608,1162.01312801,24.90900637,2017-12-26 21:28:36
ETH/NZDT,Sell,0.00131176,1162.01400000,1.52428348,2017-12-26 21:37:49
ETH/NZDT,Sell,0.00131176,1162.01400000,1.52428348,2017-12-26 21:37:56
ETH/NZDT,Sell,0.00131089,1162.01400000,1.52327253,2017-12-26 21:38:04
ETH/NZDT,Sell,0.00130937,1162.01400000,1.52150627,2017-12-26 21:38:08
ETH/NZDT,Sell,0.00129536,1162.01400000,1.50522646,2017-12-26 21:38:13
ETH/NZDT,Sell,0.00274470,1165.18309677,3.19807805,2017-12-26 21:38:17
ETH/NZDT,Sell,0.00129536,1165.18309677,1.50933158,2017-12-26 21:38:18
ETH/NZDT,Sell,0.00129536,1165.18309677,1.50933158,2017-12-26 21:38:42
ETH/NZDT,Sell,0.00129536,1165.18309677,1.50933158,2017-12-26 21:38:48
ETH/NZDT,Sell,0.00129536,1165.18309677,1.50933158,2017-12-26 21:38:53
ETH/NZDT,Sell,0.00129536,1165.18309677,1.50933158,2017-12-26 21:38:58
ETH/NZDT,Sell,0.00129326,1165.18309677,1.50688469,2017-12-26 21:39:04
ETH/NZDT,Sell,0.00129175,1165.18309677,1.50512527,2017-12-26 21:39:10
ETH/NZDT,Sell,0.00129175,1165.18309677,1.50512527,2017-12-26 21:39:16
ETH/NZDT,Sell,0.00129175,1165.18309677,1.50512527,2017-12-26 21:39:44
ETH/NZDT,Sell,0.00129175,1165.18309677,1.50512527,2017-12-26 21:39:50
ETH/NZDT,Sell,0.00129175,1165.18309677,1.50512527,2017-12-26 21:39:55
ETH/NZDT,Sell,0.00417418,1165.18309677,4.86368398,2017-12-26 21:40:35
ETH/NZDT,Sell,0.00417418,1165.18309677,4.86368398,2017-12-26 21:40:40
ETH/NZDT,Sell,0.00417418,1165.18309677,4.86368398,2017-12-26 21:40:48
ETH/NZDT,Sell,0.00319346,1165.18309678,3.72096561,2017-12-26 21:46:28
ETH/NZDT,Sell,0.00155512,1165.18309678,1.81199954,2017-12-26 21:46:28
ETH/NZDT,Sell,1.48660683,1165.18309677,1732.16914986,2017-12-26 21:46:28
ETH/NZDT,Sell,0.00115590,1165.18309678,1.34683514,2017-12-26 21:49:42
ETH/NZDT,Sell,0.15992901,1165.18309677,186.34657914,2017-12-26 21:49:42
ETH/NZDT,Buy,0.00115590,1165.18309677,1.34683514,2017-12-26 21:50:23
ETH/NZDT,Sell,0.13775919,1162.01400000,160.07810741,2017-12-26 21:51:08
ETH/NZDT,Sell,0.02790252,1162.01400000,32.42311888,2017-12-26 21:51:17
ETH/NZDT,Buy,0.00133821,1162.01399988,1.55501875,2017-12-26 22:02:52
ETH/NZDT,Buy,0.00132387,1162.01399988,1.53835547,2017-12-26 22:02:59
ETH/NZDT,Buy,0.00290271,1162.01399988,3.37298966,2017-12-26 22:03:30
ETH/NZDT,Buy,0.00132000,1162.01399984,1.53385848,2017-12-26 22:07:08
ETH/NZDT,Buy,0.47951777,1162.01399983,557.20636191,2017-12-26 22:11:05
ETH/NZDT,Buy,0.03855342,1162.01399983,44.79961378,2017-12-26 22:11:05
ETH/NZDT,Buy,0.00301105,1162.01399984,3.49888225,2017-12-26 22:11:05
ETH/NZDT,Buy,0.26891858,1162.01399985,312.48715478,2017-12-26 22:11:05
ETH/NZDT,Sell,0.01104817,1165.18309677,12.87314093,2017-12-26 22:12:20
ETH/NZDT,Buy,0.00745062,1175.91888968,8.76132480,2017-12-27 01:32:13
ETH/NZDT,Buy,0.00098154,1177.21834624,1.15548690,2017-12-27 01:36:03
ETH/NZDT,Buy,0.00303236,1177.21834625,3.56974982,2017-12-27 01:36:03
ETH/NZDT,Buy,0.00128863,1181.08500543,1.52198157,2017-12-27 01:36:03
ETH/NZDT,Buy,0.00303236,1188.42994955,3.60374744,2017-12-27 01:36:03
ETH/NZDT,Buy,0.00314289,1193.86400000,3.75218323,2017-12-27 01:36:03
ETH/NZDT,Buy,0.00685711,1193.86400000,8.18645677,2017-12-27 01:37:17
ETH/NZDT,Sell,0.20218862,1193.86400000,241.38571463,2017-12-27 01:37:58
ETH/NZDT,Sell,0.00411516,1193.86400001,4.91294138,2017-12-27 01:39:30
ETH/NZDT,Sell,0.00411514,1193.86400001,4.91291750,2017-12-27 01:39:36
ETH/NZDT,Sell,0.00031935,1193.86400001,0.38126047,2017-12-27 01:39:40
ETH/NZDT,Sell,0.00010757,1193.86400000,0.12842395,2017-12-27 01:39:40
ETH/NZDT,Buy,0.00477279,1193.86400000,5.69806216,2017-12-27 01:40:11
ETH/NZDT,Buy,0.00188769,1193.86400000,2.25364513,2017-12-27 01:40:43
ETH/NZDT,Buy,0.00153283,1193.86399999,1.82999056,2017-12-27 01:45:23
ETH/NZDT,Buy,0.00633342,1193.86400000,7.56124213,2017-12-27 01:45:23
ETH/NZDT,Sell,0.08872885,1193.86400000,105.93017978,2017-12-27 01:45:35
ETH/NZDT,Sell,0.01171170,1193.86400000,13.98217701,2017-12-27 01:45:41
ETH/NZDT,Sell,0.01170882,1193.86400000,13.97873868,2017-12-27 01:45:44
ETH/NZDT,Sell,0.02122929,1193.86400000,25.34488508,2017-12-27 01:46:06
ETH/NZDT,Sell,0.02122929,1193.86400000,25.34488508,2017-12-27 01:46:06
ETH/NZDT,Sell,0.02122929,1193.86400000,25.34488508,2017-12-27 01:46:14
ETH/NZDT,Sell,0.00088276,1193.86400000,1.05389538,2017-12-27 01:46:16
ETH/NZDT,Sell,0.02122856,1193.86400000,25.34401356,2017-12-27 01:46:42
ETH/NZDT,Sell,0.02122856,1193.86400000,25.34401356,2017-12-27 01:46:42
ETH/NZDT,Sell,0.02122856,1193.86400000,25.34401356,2017-12-27 01:46:43
ETH/NZDT,Sell,0.19852902,1193.86400000,237.01664993,2017-12-27 01:46:55
ETH/NZDT,Sell,0.01979230,1193.86400000,23.62931445,2017-12-27 01:47:01
ETH/NZDT,Sell,0.02138639,1193.86400000,25.53244111,2017-12-27 01:47:03
ETH/NZDT,Sell,0.02138639,1193.86400000,25.53244111,2017-12-27 01:47:03
ETH/NZDT,Sell,0.02792043,1193.86400000,33.33319624,2017-12-27 01:47:05
ETH/NZDT,Sell,0.02138639,1193.86400000,25.53244111,2017-12-27 01:47:17
ETH/NZDT,Sell,0.02104075,1193.86400000,25.11979396,2017-12-27 01:47:47
ETH/NZDT,Sell,0.02104008,1193.86400000,25.11899407,2017-12-27 01:48:12
ETH/NZDT,Sell,0.20940241,1193.86400000,249.99799881,2017-12-27 01:49:09
ETH/NZDT,Sell,0.02100416,1193.86400000,25.07611047,2017-12-27 01:49:18
ETH/NZDT,Sell,0.00717395,1193.86400000,8.56472064,2017-12-27 01:49:40
ETH/NZDT,Sell,0.00845626,1193.86400001,10.09562439,2017-12-27 01:53:04
ETH/NZDT,Sell,0.00000878,1176.00000001,0.01032528,2017-12-27 01:53:04
ETH/NZDT,Sell,0.00276377,1176.00000001,3.25019352,2017-12-27 01:53:09
ETH/NZDT,Buy,0.02089859,1193.86500082,24.95009517,2017-12-27 01:53:48
ETH/NZDT,Sell,0.00164336,1185.86500082,1.94880311,2017-12-27 01:57:04
ETH/NZDT,Sell,0.49835664,1185.86500082,590.98369730,2017-12-27 02:00:46
ETH/NZDT,Sell,0.35590551,1185.86500082,422.05588791,2017-12-27 02:00:46
ETH/NZDT,Sell,0.23785498,1180.00000000,280.66887640,2017-12-27 02:07:30
ETH/NZDT,Sell,0.06043374,1181.00000000,71.37224694,2017-12-27 02:10:04
ETH/NZDT,Sell,0.06059342,1181.00000000,71.56082902,2017-12-27 02:10:14
ETH/NZDT,Sell,0.06057762,1181.00000000,71.54216922,2017-12-27 02:10:23
ETH/NZDT,Sell,0.06058282,1181.00000000,71.54831042,2017-12-27 02:10:30
ETH/NZDT,Sell,0.06058219,1181.00000000,71.54756639,2017-12-27 02:10:37
ETH/NZDT,Sell,0.06056598,1181.00000000,71.52842238,2017-12-27 02:10:50
ETH/NZDT,Sell,0.06058407,1181.00000000,71.54978667,2017-12-27 02:11:03
ETH/NZDT,Sell,0.10421794,1181.00000000,123.08138714,2017-12-27 02:11:16
ETH/NZDT,Sell,0.10421794,1181.00000000,123.08138714,2017-12-27 02:11:17
ETH/NZDT,Sell,0.10421794,1181.00000000,123.08138714,2017-12-27 02:11:17
ETH/NZDT,Sell,0.02084357,1181.00000000,24.61625617,2017-12-27 02:11:18
ETH/NZDT,Sell,0.02084357,1181.00000000,24.61625617,2017-12-27 02:11:18
ETH/NZDT,Sell,0.02084357,1181.00000000,24.61625617,2017-12-27 02:11:19
ETH/NZDT,Sell,0.06295017,1181.00000000,74.34415077,2017-12-27 02:11:32
ETH/NZDT,Sell,0.03112539,1181.00000000,36.75908559,2017-12-27 02:12:01
ETH/NZDT,Sell,0.18981356,1181.00000000,224.16981436,2017-12-27 02:12:15
ETH/NZDT,Sell,0.00287555,1181.00000000,3.39602455,2017-12-27 02:13:34
ETH/NZDT,Sell,0.02842466,1181.00000000,33.56952346,2017-12-27 02:14:36
ETH/NZDT,Sell,0.05677679,1177.00000000,66.82628183,2017-12-27 02:15:25
ETH/NZDT,Sell,0.05572407,1177.00000000,65.58723039,2017-12-27 02:15:34
ETH/NZDT,Sell,0.08964416,1177.00000000,105.51117632,2017-12-27 02:16:48
ETH/NZDT,Sell,0.01683250,1176.00000000,19.79502000,2017-12-27 02:16:48
ETH/NZDT,Sell,0.00444448,1176.00000000,5.22670848,2017-12-27 02:17:49
ETH/NZDT,Sell,0.00097119,1160.00000001,1.12658040,2017-12-27 02:17:49
ETH/NZDT,Sell,0.00734507,1160.00000000,8.52028120,2017-12-27 02:17:49
ETH/NZDT,Buy,0.08349438,1193.86500080,99.68101805,2017-12-27 02:19:46
ETH/NZDT,Sell,0.16972857,1176.00000000,199.60079832,2017-12-27 02:22:29
ETH/NZDT,Sell,0.02832176,1160.00000000,32.85324160,2017-12-27 02:23:27
ETH/NZDT,Sell,0.36433317,1160.00000000,422.62647720,2017-12-27 02:24:39
ETH/NZDT,Sell,0.02500034,1175.00000000,29.37539950,2017-12-27 02:41:37
ETH/NZDT,Sell,0.07499966,1175.00000000,88.12460050,2017-12-27 02:41:40
ETH/NZDT,Buy,0.11905640,1169.06860572,139.18509955,2017-12-27 02:44:45
ETH/NZDT,Buy,0.01300000,1169.06860572,15.19789187,2017-12-27 02:49:30
ETH/NZDT,Buy,0.02260452,1169.06860572,26.42623468,2017-12-27 02:52:32
ETH/NZDT,Buy,0.00097064,1174.99999999,1.14050200,2017-12-27 02:53:02
ETH/NZDT,Buy,0.02500013,1175.00000000,29.37515275,2017-12-27 02:53:02
ETH/NZDT,Buy,0.00295310,1193.86500083,3.52560273,2017-12-27 02:53:40
ETH/NZDT,Buy,0.00097601,1193.86500377,1.16522418,2017-12-27 02:53:40
ETH/NZDT,Buy,0.00099831,1195.99500006,1.19397377,2017-12-27 02:53:40
ETH/NZDT,Buy,0.00083613,1195.99500009,1.00000730,2017-12-27 02:53:40
ETH/NZDT,Buy,0.03900000,1196.00000000,46.64400000,2017-12-27 02:53:40
ETH/NZDT,Buy,0.07401925,1174.99999998,86.97261875,2017-12-27 02:54:07
ETH/NZDT,Buy,0.00418131,1169.58294129,4.89038885,2017-12-27 02:58:48
ETH/NZDT,Buy,0.00114956,1170.96016106,1.34608896,2017-12-27 03:17:51
ETH/NZDT,Sell,0.42649741,1170.00006108,499.00199575,2017-12-27 03:25:22
ETH/NZDT,Sell,0.03486379,1170.00006107,40.79063643,2017-12-27 03:25:22
ETH/NZDT,Sell,0.00276087,1170.00006107,3.23021807,2017-12-27 03:25:28
ETH/NZDT,Sell,0.00114956,1170.00006109,1.34498527,2017-12-27 03:26:20
ETH/NZDT,Buy,0.01060744,1171.94256011,12.43131039,2017-12-27 03:30:28
ETH/NZDT,Buy,0.09749503,1193.86500413,116.39590439,2017-12-27 03:32:33
ETH/NZDT,Sell,0.04340016,1193.86500413,51.81393220,2017-12-27 03:33:28
ETH/NZDT,Buy,0.00873045,1193.86500414,10.42297873,2017-12-27 03:34:08
ETH/NZDT,Sell,0.00650000,1193.86500414,7.76012253,2017-12-27 03:34:54
ETH/NZDT,Sell,0.06269138,1193.86500414,74.84504464,2017-12-27 03:35:33
ETH/NZDT,Buy,0.00265077,1173.23669635,3.10998064,2017-12-27 03:48:08
ETH/NZDT,Buy,0.35719128,1198.00000000,427.91515344,2017-12-27 03:50:09
ETH/NZDT,Buy,0.14280872,1198.00000000,171.08484656,2017-12-27 03:50:31
ETH/NZDT,Buy,0.11040231,1199.98999999,132.48166798,2017-12-27 03:50:31
ETH/NZDT,Buy,0.25000000,1199.99000000,299.99750000,2017-12-27 03:50:31
ETH/NZDT,Buy,0.05248025,1217.00000000,63.86846425,2017-12-27 03:50:31
ETH/NZDT,Sell,0.00265077,1173.86565313,3.11164786,2017-12-27 03:50:52
ETH/NZDT,Sell,0.00136384,1173.86565313,1.60096493,2017-12-27 03:51:54
ETH/NZDT,Sell,0.36728311,1173.88000000,431.14629717,2017-12-27 03:54:06
ETH/NZDT,Sell,0.10626664,1173.88000000,124.74428336,2017-12-27 03:54:54
ETH/NZDT,Sell,0.02645025,1173.88000000,31.04941947,2017-12-27 03:55:16
ETH/NZDT,Sell,0.00118169,1173.86565314,1.38714530,2017-12-27 03:55:16
ETH/NZDT,Sell,0.02304737,1173.86565313,27.05451604,2017-12-27 03:55:16
ETH/NZDT,Sell,0.01207510,1173.86565314,14.17454515,2017-12-27 03:57:24
ETH/NZDT,Sell,0.00368863,1173.86565314,4.32995606,2017-12-27 03:57:24
ETH/NZDT,Sell,0.00796317,1173.86565313,9.34769175,2017-12-27 03:57:24
ETH/NZDT,Sell,0.00136384,1173.86565314,1.60096493,2017-12-27 03:58:22
ETH/NZDT,Sell,0.00536045,1173.86565314,6.29244814,2017-12-27 03:58:49
ETH/NZDT,Sell,0.07216613,1173.86565313,84.71334133,2017-12-27 03:58:49
ETH/NZDT,Sell,0.00265077,1173.23669635,3.10998064,2017-12-27 03:58:49
ETH/NZDT,Buy,0.30410197,1215.90000000,369.75758532,2017-12-27 04:02:37
ETH/NZDT,Sell,0.00096561,1151.50000004,1.11189992,2017-12-27 04:26:59
ETH/NZDT,Sell,0.25071437,1151.50000003,288.69759706,2017-12-27 04:26:59
ETH/NZDT,Sell,1.87608055,1151.50000003,2160.30675338,2017-12-27 04:26:59
ETH/NZDT,Sell,0.10967800,1152.00000000,126.34905600,2017-12-27 04:29:00
ETH/NZDT,Sell,0.22532200,1152.00000000,259.57094400,2017-12-27 04:29:19
ETH/NZDT,Sell,1.50000000,1152.00000000,1728.00000000,2017-12-27 04:29:19
ETH/NZDT,Sell,0.00092885,1151.50000004,1.06957078,2017-12-27 04:29:19
ETH/NZDT,Sell,0.12391945,1151.50000003,142.69324668,2017-12-27 04:29:19
ETH/NZDT,Sell,0.09900000,1151.00000000,113.94900000,2017-12-27 04:59:57
ETH/NZDT,Sell,0.00139997,1151.00000001,1.61136547,2017-12-27 05:04:47
ETH/NZDT,Sell,0.00449648,1151.00000001,5.17544848,2017-12-27 05:04:47
ETH/NZDT,Sell,0.40392149,1151.00000000,464.91363499,2017-12-27 05:04:47
ETH/NZDT,Buy,0.00096464,1175.00000481,1.13345200,2017-12-27 05:06:31
ETH/NZDT,Buy,0.19227530,1175.00000482,225.92347843,2017-12-27 05:06:31
ETH/NZDT,Buy,0.25071437,1175.00000483,294.58938596,2017-12-27 05:06:42
ETH/NZDT,Sell,0.51622640,1151.00000003,594.17658642,2017-12-27 05:08:09
ETH/NZDT,Sell,2.07687178,1151.00000000,2390.47941878,2017-12-27 05:08:09
ETH/NZDT,Sell,1.75557673,1151.00000000,2020.66881623,2017-12-27 05:08:17
ETH/NZDT,Sell,2.00000000,1150.10000000,2300.20000000,2017-12-27 05:08:26
ETH/NZDT,Buy,0.00133641,1150.10000000,1.53700514,2017-12-27 05:08:43
ETH/NZDT,Buy,0.06825926,1150.10000000,78.50497493,2017-12-27 05:09:25
ETH/NZDT,Buy,0.10936742,1150.10000000,125.78346974,2017-12-27 05:09:52
ETH/NZDT,Buy,0.03301330,1150.10000000,37.96859633,2017-12-27 05:10:10
ETH/NZDT,Buy,0.00793398,1150.10000000,9.12487040,2017-12-27 05:10:10
ETH/NZDT,Buy,0.02179250,1150.10000000,25.06355425,2017-12-27 05:10:44
ETH/NZDT,Buy,0.51622640,1150.09999997,593.71198262,2017-12-27 05:11:04
ETH/NZDT,Buy,0.04094729,1150.10000000,47.09347823,2017-12-27 05:11:35
ETH/NZDT,Buy,0.02209998,1150.10000000,25.41718700,2017-12-27 05:11:45
ETH/NZDT,Buy,0.06207754,1150.10000000,71.39537875,2017-12-27 05:12:04
ETH/NZDT,Buy,0.09000000,1150.10000000,103.50900000,2017-12-27 05:12:09
ETH/NZDT,Buy,0.04094729,1150.10000000,47.09347823,2017-12-27 05:12:27
ETH/NZDT,Buy,0.10963697,1150.10000000,126.09347920,2017-12-27 05:12:34
ETH/NZDT,Buy,0.01350164,1150.10000000,15.52823616,2017-12-27 05:12:37
ETH/NZDT,Buy,0.02209998,1150.10000000,25.41718700,2017-12-27 05:12:39
ETH/NZDT,Buy,0.10963697,1150.10000000,126.09347920,2017-12-27 05:12:50
ETH/NZDT,Buy,0.50357717,1150.10000000,579.16410322,2017-12-27 05:13:11
ETH/NZDT,Buy,0.02208269,1151.00000000,25.41717619,2017-12-27 05:13:24
ETH/NZDT,Buy,0.81536107,1151.00000000,938.48059157,2017-12-27 05:13:27
ETH/NZDT,Sell,0.43542403,1150.10000003,500.78117692,2017-12-27 05:25:59
ETH/NZDT,Buy,1.04058711,1150.10000003,1196.77923524,2017-12-27 05:26:08
ETH/NZDT,Buy,0.00096088,1150.10000003,1.10510809,2017-12-27 05:26:08
ETH/NZDT,Buy,0.12463599,1150.10000003,143.34385210,2017-12-27 05:27:39
ETH/NZDT,Sell,0.02024229,1150.10000004,23.28065773,2017-12-27 05:35:18
ETH/NZDT,Sell,0.00746543,1150.10000000,8.58599104,2017-12-27 05:35:18
ETH/NZDT,Sell,0.00355514,1150.41494116,4.08988617,2017-12-27 05:58:17
ETH/NZDT,Sell,0.22942456,1150.41494115,263.93344169,2017-12-27 05:58:17
ETH/NZDT,Sell,0.00908078,1150.41494116,10.44666499,2017-12-27 06:00:59
ETH/NZDT,Sell,0.02119133,1150.41494115,24.37882265,2017-12-27 06:00:59
ETH/NZDT,Sell,0.50290931,1150.10000001,578.39599744,2017-12-27 06:00:59
ETH/NZDT,Sell,0.12598265,1150.10000001,144.89264577,2017-12-27 06:01:52
ETH/NZDT,Sell,0.37110804,1150.10000001,426.81135681,2017-12-27 06:02:21
ETH/NZDT,Sell,0.03121892,1150.10000000,35.90487989,2017-12-27 06:02:21
ETH/NZDT,Sell,0.02093253,1150.00000000,24.07240950,2017-12-27 06:02:21
ETH/NZDT,Sell,0.01955520,1150.00000000,22.48848000,2017-12-27 06:03:20
ETH/NZDT,Sell,0.06872882,1150.00000000,79.03814300,2017-12-27 06:03:49
ETH/NZDT,Sell,0.23791527,1150.00000000,273.60256050,2017-12-27 06:04:15
ETH/NZDT,Sell,0.08792987,1135.00000000,99.80040245,2017-12-27 06:05:29
ETH/NZDT,Sell,1.00000000,1130.00000501,1130.00000501,2017-12-27 06:05:29
ETH/NZDT,Sell,0.05000000,1130.00000500,56.50000025,2017-12-27 06:05:29
ETH/NZDT,Sell,0.43691929,1120.30000010,489.48068063,2017-12-27 06:05:29
ETH/NZDT,Sell,1.50000000,1120.30000010,1680.45000015,2017-12-27 06:05:29
ETH/NZDT,Buy,0.00133838,1120.30000010,1.49938711,2017-12-27 06:05:38
ETH/NZDT,Buy,1.76946882,1120.30000010,1982.33591922,2017-12-27 06:05:49
ETH/NZDT,Buy,0.91119798,1120.30000010,1020.81509709,2017-12-27 06:05:52
ETH/NZDT,Buy,0.91099365,1120.30000010,1020.58618619,2017-12-27 06:05:57
ETH/NZDT,Buy,0.00133838,1120.30000010,1.49938711,2017-12-27 06:06:01
ETH/NZDT,Buy,0.00153563,1120.30000010,1.72036629,2017-12-27 06:06:05
ETH/NZDT,Buy,0.02101769,1120.30000010,23.54611811,2017-12-27 06:06:06
ETH/NZDT,Buy,0.00153453,1120.30000010,1.71913396,2017-12-27 06:06:12
ETH/NZDT,Buy,0.49605815,1120.30000010,555.73394549,2017-12-27 06:06:20
ETH/NZDT,Buy,0.00502346,1120.30000010,5.62778224,2017-12-27 06:06:37
ETH/NZDT,Buy,0.00133838,1120.30000010,1.49938711,2017-12-27 06:07:00
ETH/NZDT,Buy,0.21692742,1120.30000010,243.02378865,2017-12-27 06:07:27
ETH/NZDT,Buy,2.42585386,1120.30000010,2717.68407960,2017-12-27 06:07:54
ETH/NZDT,Sell,0.00270361,1137.32172305,3.07487438,2017-12-27 06:08:31
ETH/NZDT,Buy,0.01377208,1142.30000351,15.73184703,2017-12-27 06:09:16
ETH/NZDT,Buy,0.04258016,1142.30000351,48.63931692,2017-12-27 06:09:26
ETH/NZDT,Buy,0.04523279,1142.30000351,51.66941618,2017-12-27 06:10:33
ETH/NZDT,Buy,0.33383900,1142.30000351,381.34429087,2017-12-27 06:10:41
ETH/NZDT,Buy,0.01218500,1150.00000000,14.01275000,2017-12-27 06:30:58
ETH/NZDT,Buy,0.01220164,1150.00000000,14.03188600,2017-12-27 06:31:03
ETH/NZDT,Buy,0.01220106,1150.00000000,14.03121900,2017-12-27 06:31:17
ETH/NZDT,Buy,0.09995699,1150.00000000,114.95053850,2017-12-27 06:33:18
ETH/NZDT,Buy,0.00126988,1149.99999999,1.46036200,2017-12-27 06:34:18
ETH/NZDT,Buy,0.12687700,1150.00000000,145.90855000,2017-12-27 06:34:18
ETH/NZDT,Buy,0.02167710,1150.00000000,24.92866500,2017-12-27 06:34:33
ETH/NZDT,Buy,0.00206380,1169.99999998,2.41464600,2017-12-27 06:46:14
ETH/NZDT,Buy,0.00096026,1169.99999999,1.12350420,2017-12-27 06:46:14
ETH/NZDT,Buy,0.14697594,1170.00000000,171.96184980,2017-12-27 06:46:14
ETH/NZDT,Buy,0.01094264,1170.00000000,12.80288880,2017-12-27 07:07:15
ETH/NZDT,Buy,0.21324872,1170.00000000,249.50100240,2017-12-27 07:19:04
ETH/NZDT,Buy,0.21324872,1170.00000000,249.50100240,2017-12-27 07:19:20
ETH/NZDT,Sell,0.01309437,1125.00000052,14.73116626,2017-12-27 07:25:45
ETH/NZDT,Sell,0.00166008,1125.00000050,1.86759000,2017-12-27 07:25:45
ETH/NZDT,Sell,0.00097364,1125.00000049,1.09534500,2017-12-27 07:25:45
ETH/NZDT,Sell,0.00383821,1125.00000048,4.31798625,2017-12-27 07:25:45
ETH/NZDT,Sell,0.37838323,1125.00000003,425.68113376,2017-12-27 07:25:45
ETH/NZDT,Sell,0.06097884,1125.00000000,68.60119500,2017-12-27 07:25:45
ETH/NZDT,Sell,0.01321355,1120.10000008,14.80049736,2017-12-27 07:25:45
ETH/NZDT,Sell,1.00000000,1120.10000008,1120.10000008,2017-12-27 07:25:45
ETH/NZDT,Sell,0.20000000,1120.00000000,224.00000000,2017-12-27 07:25:45
ETH/NZDT,Sell,0.31633162,1120.00000000,354.29141440,2017-12-27 07:25:45
ETH/NZDT,Sell,0.30000000,1116.00000000,334.80000000,2017-12-27 07:25:45
ETH/NZDT,Sell,1.50000000,1116.00000000,1674.00000000,2017-12-27 07:25:45
ETH/NZDT,Sell,0.18540270,1109.00000559,205.61159534,2017-12-27 07:25:45
ETH/NZDT,Sell,0.30000000,1109.00000000,332.70000000,2017-12-27 07:25:45
ETH/NZDT,Sell,0.02422389,1105.32102589,26.77517495,2017-12-27 07:25:45
ETH/NZDT,Sell,0.04481192,1105.32102568,49.53155738,2017-12-27 07:25:45
ETH/NZDT,Sell,0.01042822,1105.32102564,11.52653083,2017-12-27 07:25:45
ETH/NZDT,Sell,0.02023356,1105.32102564,22.36457929,2017-12-27 07:25:45
ETH/NZDT,Sell,0.01119706,1105.00000571,12.37275136,2017-12-27 07:25:45
ETH/NZDT,Sell,0.04200000,1100.10000000,46.20420000,2017-12-27 07:25:45
ETH/NZDT,Sell,0.45363818,1100.00000009,499.00199804,2017-12-27 07:25:45
ETH/NZDT,Sell,0.01814553,1100.00000000,19.96008300,2017-12-27 07:25:45
ETH/NZDT,Sell,0.05443658,1100.00000000,59.88023800,2017-12-27 07:25:45
ETH/NZDT,Buy,0.13148880,1100.00000000,144.63768000,2017-12-27 07:25:48
ETH/NZDT,Buy,0.27007450,1100.00000000,297.08195000,2017-12-27 07:25:50
ETH/NZDT,Buy,7.14483081,1100.00000000,7859.31389100,2017-12-27 07:25:51
ETH/NZDT,Buy,0.00140249,1100.00000000,1.54273900,2017-12-27 07:25:54
ETH/NZDT,Buy,5.70029535,1100.00000000,6270.32488500,2017-12-27 07:25:55
ETH/NZDT,Buy,0.15779853,1170.00000000,184.62428010,2017-12-27 07:25:55
ETH/NZDT,Buy,0.06958870,1169.99999992,81.41877899,2017-12-27 07:43:20
ETH/NZDT,Buy,0.06859141,1169.99999992,80.25194969,2017-12-27 07:43:31
ETH/NZDT,Buy,0.06880568,1169.99999992,80.50264559,2017-12-27 07:43:32
ETH/NZDT,Buy,0.17139744,1169.99999988,200.53500478,2017-12-27 07:48:22
ETH/NZDT,Buy,0.00097290,1169.99999990,1.13829300,2017-12-27 07:50:02
ETH/NZDT,Buy,0.04380696,1169.99999991,51.25414320,2017-12-27 07:50:02
ETH/NZDT,Buy,0.10869166,1170.00000000,127.16924220,2017-12-27 07:50:02
ETH/NZDT,Buy,0.15504119,1170.00000000,181.39819230,2017-12-27 07:50:09
ETH/NZDT,Buy,0.07204361,1170.00000000,84.29102370,2017-12-27 07:50:14
ETH/NZDT,Buy,0.07226533,1182.05598192,85.42166561,2017-12-27 07:50:18
ETH/NZDT,Buy,0.07381298,1182.05598192,87.25107455,2017-12-27 07:51:04
ETH/NZDT,Buy,0.00545379,1182.05598192,6.44668509,2017-12-27 07:52:35
ETH/NZDT,Buy,0.04368491,1182.05598192,51.63800919,2017-12-27 07:53:54
ETH/NZDT,Buy,0.04337012,1182.05598192,51.26590978,2017-12-27 07:53:56
ETH/NZDT,Buy,1.29348467,1182.05598192,1528.97129170,2017-12-27 07:54:05
ETH/NZDT,Buy,0.40000000,1182.05598192,472.82239277,2017-12-27 07:54:57
ETH/NZDT,Sell,0.01310518,1124.07202670,14.73116624,2017-12-27 07:55:35
ETH/NZDT,Buy,0.06249670,1124.07202670,70.25079223,2017-12-27 07:55:39
ETH/NZDT,Buy,0.01265147,1124.07202670,14.22116352,2017-12-27 07:55:42
ETH/NZDT,Buy,0.05247737,1124.07202670,58.98834365,2017-12-27 07:55:48
ETH/NZDT,Buy,0.73475360,1182.05598192,868.51988812,2017-12-27 07:56:08
ETH/NZDT,Buy,2.39091688,1182.05598192,2826.19760028,2017-12-27 08:07:12
ETH/NZDT,Buy,0.01186685,1182.05598192,14.02728103,2017-12-27 08:07:19
ETH/NZDT,Buy,0.20561729,1182.05598192,243.05114763,2017-12-27 08:07:28
ETH/NZDT,Buy,0.20571231,1182.05598192,243.16346659,2017-12-27 08:07:31
ETH/NZDT,Buy,0.20559266,1182.05598192,243.02203359,2017-12-27 08:07:35
ETH/NZDT,Buy,0.20690571,1182.05598192,244.57413220,2017-12-27 08:07:38
ETH/NZDT,Buy,0.01184565,1182.05598192,14.00222144,2017-12-27 08:07:51
ETH/NZDT,Buy,0.00313318,1182.05598191,3.70359416,2017-12-27 08:08:01
ETH/NZDT,Buy,0.00873439,1182.05598192,10.32453795,2017-12-27 08:08:01
ETH/NZDT,Buy,0.01187225,1182.05598192,14.03366413,2017-12-27 08:08:10
ETH/NZDT,Buy,0.01189284,1182.05598192,14.05800266,2017-12-27 08:08:14
ETH/NZDT,Buy,0.01018564,1182.05598192,12.03999669,2017-12-27 08:31:07
ETH/NZDT,Buy,0.08492310,1182.05598192,100.38385836,2017-12-27 08:40:36
ETH/NZDT,Buy,0.06163354,1182.05598192,72.85429464,2017-12-27 08:52:00
ETH/NZDT,Sell,0.00409537,1182.05598192,4.84095661,2017-12-27 08:53:26
ETH/NZDT,Sell,0.35641861,1182.05598192,421.30675002,2017-12-27 08:53:43
ETH/NZDT,Buy,0.00260900,1185.69307347,3.09347323,2017-12-27 09:07:04
ETH/NZDT,Sell,0.01670864,1185.69307347,19.81131872,2017-12-27 09:08:51
ETH/NZDT,Sell,0.21097131,1185.69307347,250.14722097,2017-12-27 09:09:05
ETH/NZDT,Buy,0.00250495,1184.28358558,2.96657117,2017-12-27 09:43:55
ETH/NZDT,Buy,0.00100587,1184.28358557,1.19123533,2017-12-27 09:47:52
ETH/NZDT,Buy,0.59417150,1195.00000000,710.03494250,2017-12-27 09:47:52
ETH/NZDT,Sell,0.00120722,1195.00000000,1.44262790,2017-12-27 09:52:44
ETH/NZDT,Sell,0.00029186,1195.00000000,0.34877270,2017-12-27 09:54:31
ETH/NZDT,Sell,0.00212827,1180.00000000,2.51135860,2017-12-27 09:54:31
ETH/NZDT,Sell,0.00232361,1180.00000000,2.74185980,2017-12-27 09:58:58
ETH/NZDT,Sell,0.03178717,1180.00000000,37.50886060,2017-12-27 09:59:30
ETH/NZDT,Sell,0.02116369,1180.00000000,24.97315420,2017-12-27 09:59:49
ETH/NZDT,Sell,0.36548031,1180.00000000,431.26676580,2017-12-27 10:00:23
ETH/NZDT,Buy,0.00136615,1198.12500051,1.63681847,2017-12-27 10:02:33
ETH/NZDT,Buy,0.00502451,1198.12500050,6.01999105,2017-12-27 10:14:30
ETH/NZDT,Sell,0.00257353,1198.12500050,3.08341063,2017-12-27 10:15:13
ETH/NZDT,Sell,0.00257353,1198.12500050,3.08341063,2017-12-27 10:15:51
ETH/NZDT,Sell,0.02114825,1198.12500050,25.33824704,2017-12-27 10:15:54
ETH/NZDT,Sell,0.02107617,1198.12500050,25.25188619,2017-12-27 10:16:03
ETH/NZDT,Sell,0.00257353,1198.12500050,3.08341063,2017-12-27 10:16:09
ETH/NZDT,Sell,0.02107617,1198.12500050,25.25188619,2017-12-27 10:16:16
ETH/NZDT,Sell,0.00257353,1198.12500050,3.08341063,2017-12-27 10:16:24
ETH/NZDT,Sell,0.00223095,1198.12500050,2.67295697,2017-12-27 10:16:31
ETH/NZDT,Sell,0.00244698,1198.12500050,2.93178791,2017-12-27 10:16:45
ETH/NZDT,Buy,0.00246435,1198.12500051,2.95259935,2017-12-27 10:17:49
ETH/NZDT,Buy,0.00165674,1198.12500053,1.98498161,2017-12-27 10:17:53
ETH/NZDT,Buy,0.00083464,1198.12500053,1.00000305,2017-12-27 10:17:53
ETH/NZDT,Buy,0.01018002,1216.99999999,12.38908434,2017-12-27 10:29:10
ETH/NZDT,Buy,0.14601975,1217.00000000,177.70603575,2017-12-27 10:29:10
ETH/NZDT,Buy,0.00684902,1217.00000000,8.33525734,2017-12-27 10:29:10
ETH/NZDT,Buy,0.32869790,1217.00000000,400.02534430,2017-12-27 10:29:10
ETH/NZDT,Sell,0.00096267,1152.80000004,1.10976598,2017-12-27 10:40:16
ETH/NZDT,Sell,0.01155368,1152.80000003,13.31908230,2017-12-27 10:40:16
ETH/NZDT,Sell,0.01999000,1150.00000000,22.98850000,2017-12-27 11:19:35
ETH/NZDT,Sell,0.00170574,1150.00000000,1.96160100,2017-12-27 11:27:39
ETH/NZDT,Sell,0.00812601,1129.00000003,9.17426529,2017-12-27 11:40:42
ETH/NZDT,Buy,0.00096156,1164.58391307,1.11981731,2017-12-27 12:47:37
ETH/NZDT,Buy,0.14225755,1164.58391307,165.67085424,2017-12-27 12:47:37
ETH/NZDT,Buy,0.07102129,1164.58391308,82.71025182,2017-12-27 12:47:37
ETH/NZDT,Buy,0.20052379,1164.58391325,233.52678006,2017-12-27 13:19:10
ETH/NZDT,Buy,0.03877251,1164.58391328,45.15384142,2017-12-27 13:19:12
ETH/NZDT,Buy,0.00227442,1171.79800186,2.66516081,2017-12-27 13:19:15
ETH/NZDT,Buy,0.00491543,1217.70500299,5.98554370,2017-12-27 14:24:07
ETH/NZDT,Buy,0.00070599,1217.70500299,0.85968756,2017-12-27 14:24:35
ETH/NZDT,Buy,0.00223272,1217.70500300,2.71879431,2017-12-27 14:24:35
ETH/NZDT,Sell,0.09000000,1133.00000057,101.97000005,2017-12-27 14:35:20
ETH/NZDT,Sell,0.00096349,1133.00000094,1.09163417,2017-12-27 15:08:50
ETH/NZDT,Sell,0.00281392,1133.00000090,3.18817136,2017-12-27 15:08:50
ETH/NZDT,Sell,0.18935856,1133.00000004,214.54324849,2017-12-27 15:08:50
ETH/NZDT,Sell,0.03129344,1133.00000001,35.45546752,2017-12-27 15:08:50
ETH/NZDT,Sell,0.06346750,1133.00000001,71.90867750,2017-12-27 15:11:27
ETH/NZDT,Sell,0.90524906,1133.00000001,1025.64718499,2017-12-27 15:13:50
ETH/NZDT,Sell,0.35281000,1129.00000000,398.32249000,2017-12-27 15:13:50
ETH/NZDT,Sell,0.56965554,1126.00000000,641.43213804,2017-12-27 15:13:50
ETH/NZDT,Sell,0.18504110,1125.00000030,208.17123756,2017-12-27 15:13:50
ETH/NZDT,Sell,0.10000000,1125.00000030,112.50000003,2017-12-27 15:16:01
ETH/NZDT,Sell,0.15851623,1125.00000030,178.33075880,2017-12-27 15:24:51
ETH/NZDT,Sell,0.08871147,1125.00000010,99.80040376,2017-12-27 15:24:51
ETH/NZDT,Sell,0.24275830,1125.00000000,273.10308750,2017-12-27 15:24:51
ETH/NZDT,Sell,0.00640000,1125.00000001,7.20000000,2017-12-27 15:34:26
ETH/NZDT,Sell,0.00617333,1125.00000001,6.94499625,2017-12-27 15:44:35
ETH/NZDT,Sell,0.11367615,1125.00000000,127.88566875,2017-12-27 15:44:35
ETH/NZDT,Sell,0.01259474,1125.00000001,14.16908250,2017-12-27 15:50:55
ETH/NZDT,Sell,0.28227309,1125.00000000,317.55722625,2017-12-27 15:50:55
ETH/NZDT,Buy,0.01146351,1125.00000000,12.89644875,2017-12-27 15:51:04
ETH/NZDT,Buy,0.01146351,1125.00000000,12.89644875,2017-12-27 15:51:10
ETH/NZDT,Buy,0.03585558,1125.00000000,40.33752750,2017-12-27 15:51:17
ETH/NZDT,Buy,0.00074756,1206.99999994,0.90230492,2017-12-27 15:51:17
ETH/NZDT,Sell,0.00990141,1124.08202690,11.12999702,2017-12-27 15:54:37
ETH/NZDT,Sell,0.00504999,1124.08202690,5.67660300,2017-12-27 15:54:37
ETH/NZDT,Sell,0.00145157,1124.08202690,1.63168375,2017-12-27 15:55:04
ETH/NZDT,Sell,0.01759203,1124.08202689,19.77488474,2017-12-27 15:55:04
ETH/NZDT,Sell,0.00757503,1124.08202691,8.51495508,2017-12-27 15:57:19
ETH/NZDT,Sell,0.02725053,1124.08202689,30.63183100,2017-12-27 15:59:43
ETH/NZDT,Sell,0.02829820,1124.08202693,31.80949801,2017-12-27 16:02:52
ETH/NZDT,Sell,0.01061320,1124.08202693,11.93010737,2017-12-27 16:16:20
ETH/NZDT,Sell,0.02040784,1124.08202693,22.94008615,2017-12-27 16:19:39
ETH/NZDT,Sell,0.10763622,1124.08202693,120.99194035,2017-12-27 16:24:42
ETH/NZDT,Sell,0.06096780,1124.08202693,68.53280820,2017-12-27 16:28:11
ETH/NZDT,Sell,0.20606989,1124.08202693,231.63945964,2017-12-27 16:30:34
ETH/NZDT,Sell,0.39907700,1124.08202689,448.59528305,2017-12-27 16:30:34
ETH/NZDT,Sell,0.10000000,1124.07202668,112.40720267,2017-12-27 16:34:24
ETH/NZDT,Sell,0.00652376,1120.00000001,7.30661120,2017-12-27 16:44:49
ETH/NZDT,Sell,0.03179430,1120.00000001,35.60961600,2017-12-27 16:45:44
ETH/NZDT,Sell,0.30000000,1120.00000001,336.00000000,2017-12-27 16:57:28
ETH/NZDT,Sell,0.01729710,1120.00000001,19.37275200,2017-12-27 17:04:01
ETH/NZDT,Sell,0.01340150,1120.00000001,15.00968000,2017-12-27 17:19:41
ETH/NZDT,Sell,0.00211910,1120.00000001,2.37339200,2017-12-27 17:27:07
ETH/NZDT,Sell,0.00105599,1120.00000002,1.18270880,2017-12-27 17:57:11
ETH/NZDT,Sell,0.04903521,1120.00000001,54.91943520,2017-12-27 17:57:11
ETH/NZDT,Buy,0.00215506,1194.98999822,2.57527515,2017-12-27 18:26:17
ETH/NZDT,Sell,0.00181584,1120.00000022,2.03374080,2017-12-27 19:16:17
ETH/NZDT,Buy,0.25159765,1189.99999949,299.40120337,2017-12-27 20:05:06
ETH/NZDT,Sell,0.00089993,1120.00000042,1.00792160,2017-12-27 20:20:45
ETH/NZDT,Sell,0.00473094,1120.00000042,5.29865280,2017-12-27 20:20:45
ETH/NZDT,Buy,0.76513445,1183.49999991,905.53662151,2017-12-27 20:31:20
ETH/NZDT,Buy,0.00220015,1135.31150090,2.49785560,2017-12-27 20:32:21
ETH/NZDT,Buy,0.00135375,1135.31150090,1.53692794,2017-12-27 20:32:34
ETH/NZDT,Buy,0.01207935,1135.31150090,13.71382498,2017-12-27 20:32:52
ETH/NZDT,Buy,0.00258443,1135.31150090,2.93413310,2017-12-27 20:33:11
ETH/NZDT,Buy,0.00954323,1135.31150090,10.83453877,2017-12-27 20:33:11
ETH/NZDT,Buy,0.00194555,1138.32235467,2.21466306,2017-12-27 20:40:11
ETH/NZDT,Buy,0.00141881,1138.32235467,1.61506314,2017-12-27 20:40:41
ETH/NZDT,Sell,0.00220562,1138.32235469,2.51070655,2017-12-27 20:46:15
ETH/NZDT,Sell,0.02301678,1138.32235468,26.20051521,2017-12-27 20:46:15
ETH/NZDT,Buy,0.13399651,1179.99999992,158.11588179,2017-12-27 21:18:23
ETH/NZDT,Sell,0.12530368,1133.00000000,141.96906944,2017-12-27 22:17:46
ETH/NZDT,Sell,0.00679046,1126.00000008,7.64605796,2017-12-27 22:17:46
ETH/NZDT,Sell,0.00217193,1126.00000008,2.44559318,2017-12-27 22:17:46
ETH/NZDT,Sell,0.00094061,1126.00000004,1.05912686,2017-12-27 22:17:46
ETH/NZDT,Sell,0.00108235,1126.00000004,1.21872610,2017-12-27 22:17:46
ETH/NZDT,Sell,0.00192945,1122.00000002,2.16484290,2017-12-27 22:17:46
ETH/NZDT,Sell,0.00268318,1122.00000002,3.01052796,2017-12-27 22:17:46
ETH/NZDT,Sell,0.21134093,1121.00000003,236.91318254,2017-12-27 22:17:46
ETH/NZDT,Sell,0.71222407,1121.00000000,798.40318247,2017-12-27 22:17:46
ETH/NZDT,Sell,0.44553750,1120.00000000,499.00200000,2017-12-27 22:17:46
ETH/NZDT,Sell,0.48999584,1120.00000000,548.79534080,2017-12-27 22:17:46
ETH/NZDT,Buy,0.00220391,1179.79999994,2.60017302,2017-12-27 22:18:58
ETH/NZDT,Buy,0.00773449,1179.79999994,9.12515130,2017-12-27 22:18:58
ETH/NZDT,Buy,0.02956135,1179.79999994,34.87648073,2017-12-27 22:18:58
ETH/NZDT,Sell,0.04000000,1130.00000000,45.20000000,2017-12-27 22:43:42
ETH/NZDT,Sell,0.16000000,1140.00000000,182.40000000,2017-12-27 22:44:53
ETH/NZDT,Buy,0.00183060,1179.79999967,2.15974188,2017-12-27 22:54:21
ETH/NZDT,Buy,0.07335756,1170.00000000,85.82834520,2017-12-27 22:55:07
ETH/NZDT,Sell,0.00975455,1141.00000005,11.12994155,2017-12-27 23:02:56
ETH/NZDT,Sell,0.00197998,1141.00000004,2.25915718,2017-12-27 23:04:15
ETH/NZDT,Sell,0.00500000,1141.00000000,5.70500000,2017-12-27 23:04:17
ETH/NZDT,Buy,0.20936095,1140.99999997,238.88084394,2017-12-27 23:08:04
ETH/NZDT,Buy,0.00609977,1140.99999996,6.95983757,2017-12-27 23:08:51
ETH/NZDT,Buy,0.00216770,1140.99999996,2.47334570,2017-12-27 23:08:51
ETH/NZDT,Buy,0.22576051,1141.00000000,257.59274191,2017-12-27 23:13:09
ETH/NZDT,Buy,0.26214000,1141.00000000,299.10174000,2017-12-27 23:13:09
ETH/NZDT,Buy,0.05558454,1141.00000005,63.42196014,2017-12-27 23:13:55
ETH/NZDT,Buy,0.03927807,1141.00000005,44.81627787,2017-12-27 23:13:55
ETH/NZDT,Buy,0.19584368,1169.99999987,229.13710557,2017-12-28 00:04:03
ETH/NZDT,Buy,0.00141763,1169.99999988,1.65862710,2017-12-28 00:04:03
ETH/NZDT,Buy,0.00975005,1169.99999988,11.40755850,2017-12-28 00:04:03
ETH/NZDT,Buy,0.64598864,1170.00000000,755.80670880,2017-12-28 00:04:03
ETH/NZDT,Sell,0.00200724,1120.00000087,2.24810880,2017-12-28 00:28:42
ETH/NZDT,Sell,0.00102761,1120.00000086,1.15092320,2017-12-28 00:28:42
ETH/NZDT,Sell,0.02178591,1120.00000086,24.40021922,2017-12-28 00:28:42
ETH/NZDT,Sell,0.19986104,1120.00000089,223.84436498,2017-12-28 00:30:32
ETH/NZDT,Sell,0.00089286,1120.00000087,1.00000320,2017-12-28 00:30:32
ETH/NZDT,Sell,0.00993068,1120.00000081,11.12236161,2017-12-28 00:30:32
ETH/NZDT,Sell,0.40107915,1120.00000000,449.20864800,2017-12-28 00:30:32
ETH/NZDT,Sell,0.00107006,1111.00000002,1.18883666,2017-12-28 00:42:12
ETH/NZDT,Sell,0.00276864,1111.00000002,3.07595904,2017-12-28 00:42:12
ETH/NZDT,Buy,0.00553130,1111.00000002,6.14527430,2017-12-28 00:42:42
ETH/NZDT,Sell,0.06693006,1111.00000001,74.35929666,2017-12-28 00:45:57
ETH/NZDT,Sell,0.58546683,1111.00000003,650.45364815,2017-12-28 01:17:37
ETH/NZDT,Sell,0.00147761,1111.00000004,1.64162471,2017-12-28 01:19:38
ETH/NZDT,Sell,0.00339698,1111.00000003,3.77404478,2017-12-28 01:19:38
ETH/NZDT,Sell,0.22390050,1111.00000003,248.75345551,2017-12-28 01:19:49
ETH/NZDT,Sell,0.04086515,1111.00000001,45.40118165,2017-12-28 01:19:58
ETH/NZDT,Sell,0.61588815,1109.00000000,683.01995835,2017-12-28 01:20:32
ETH/NZDT,Sell,0.00115021,1109.00000001,1.27558289,2017-12-28 01:36:56
ETH/NZDT,Sell,0.00333289,1109.00000001,3.69617501,2017-12-28 01:36:56
ETH/NZDT,Sell,0.49551690,1109.00000000,549.52824210,2017-12-28 01:36:56
ETH/NZDT,Sell,0.01279261,1109.00000001,14.18700449,2017-12-28 01:47:16
ETH/NZDT,Sell,0.48720739,1109.00000000,540.31299551,2017-12-28 01:47:16
ETH/NZDT,Sell,0.05043844,1110.00000000,55.98666840,2017-12-28 02:03:12
ETH/NZDT,Buy,0.00688028,1169.97999975,8.04978999,2017-12-28 02:23:28
ETH/NZDT,Sell,0.00257066,1116.00000000,2.86885656,2017-12-28 02:37:18
ETH/NZDT,Buy,0.19298076,1169.90999952,225.77012084,2017-12-28 02:44:52
ETH/NZDT,Buy,0.83455022,1169.90999954,976.34864750,2017-12-28 02:44:52
ETH/NZDT,Buy,0.00992240,1169.90999955,11.60831498,2017-12-28 02:45:08
ETH/NZDT,Buy,0.00858883,1169.90999955,10.04815810,2017-12-28 02:45:08
ETH/NZDT,Buy,0.00235712,1169.90999959,2.75761826,2017-12-28 02:45:32
ETH/NZDT,Buy,0.49776728,1169.90999961,582.34291835,2017-12-28 02:45:32
ETH/NZDT,Buy,0.55500000,1169.98000000,649.33890000,2017-12-28 02:45:44
ETH/NZDT,Buy,1.00000000,1170.00000000,1170.00000000,2017-12-28 02:45:44
ETH/NZDT,Buy,0.17112393,1169.90999951,200.19959686,2017-12-28 02:48:35
ETH/NZDT,Sell,0.12077292,1120.00000003,135.26567040,2017-12-28 02:52:00
ETH/NZDT,Sell,0.01010545,1120.00000001,11.31810400,2017-12-28 02:52:00
ETH/NZDT,Sell,0.13341800,1120.00000000,149.42816000,2017-12-28 02:52:00
ETH/NZDT,Sell,0.10466115,1120.00000004,117.22048800,2017-12-28 02:53:25
ETH/NZDT,Sell,0.01709533,1120.00000004,19.14676960,2017-12-28 02:53:26
ETH/NZDT,Sell,0.00125815,1130.00000002,1.42170950,2017-12-28 03:03:48
ETH/NZDT,Sell,0.96182819,1130.00000000,1086.86585470,2017-12-28 03:03:48
ETH/NZDT,Buy,0.08566558,1165.00000000,99.80040070,2017-12-28 03:03:56
ETH/NZDT,Sell,0.02685485,1164.99900000,31.28587340,2017-12-28 03:05:05
ETH/NZDT,Buy,0.00167636,1164.99999995,1.95295940,2017-12-28 03:06:51
ETH/NZDT,Buy,0.16677156,1164.99999995,194.28886739,2017-12-28 03:06:51
ETH/NZDT,Buy,0.00289181,1164.99900000,3.36895576,2017-12-28 03:07:42
ETH/NZDT,Buy,0.01088897,1160.97999999,12.64187639,2017-12-28 03:13:20
ETH/NZDT,Buy,0.24118927,1160.98000000,280.01591868,2017-12-28 03:13:20
ETH/NZDT,Buy,0.09707446,1160.98999999,112.70247731,2017-12-28 03:13:20
ETH/NZDT,Buy,2.69564473,1160.99000000,3129.61657508,2017-12-28 03:13:20
ETH/NZDT,Buy,0.46768094,1160.99000000,542.97289453,2017-12-28 03:13:20
ETH/NZDT,Buy,0.29710819,1164.99000000,346.12807027,2017-12-28 03:14:34
ETH/NZDT,Buy,0.12077292,1164.99999992,140.70045179,2017-12-28 03:15:56
ETH/NZDT,Buy,0.10000000,1175.00000000,117.50000000,2017-12-28 03:16:17
ETH/NZDT,Buy,0.20000000,1180.00000000,236.00000000,2017-12-28 03:18:16
ETH/NZDT,Buy,0.02589688,1181.08500000,30.58641651,2017-12-28 03:20:07
ETH/NZDT,Buy,0.00114790,1181.08500001,1.35576747,2017-12-28 03:20:07
ETH/NZDT,Buy,0.00276308,1183.21500002,3.26931770,2017-12-28 03:20:07
ETH/NZDT,Buy,0.00112685,1184.99999991,1.33531725,2017-12-28 03:20:07
ETH/NZDT,Buy,0.00123075,1184.99999991,1.45843875,2017-12-28 03:20:07
ETH/NZDT,Buy,0.04903521,1184.99999992,58.10672385,2017-12-28 03:20:07
ETH/NZDT,Buy,0.00105387,1192.80000002,1.25705614,2017-12-28 03:20:07
ETH/NZDT,Buy,0.00192490,1192.80000045,2.29602072,2017-12-28 03:20:07
ETH/NZDT,Buy,0.00089812,1192.80000045,1.07127754,2017-12-28 03:20:07
ETH/NZDT,Buy,0.00102554,1192.80000092,1.22326411,2017-12-28 03:20:07
ETH/NZDT,Buy,0.00289427,1192.80000093,3.45228526,2017-12-28 03:20:07
ETH/NZDT,Buy,0.00460336,1194.93000002,5.50069296,2017-12-28 03:20:07
ETH/NZDT,Buy,0.00144865,1197.14735865,1.73424752,2017-12-28 03:20:07
ETH/NZDT,Buy,0.56960000,1199.00000000,682.95040000,2017-12-28 03:20:07
ETH/NZDT,Buy,0.00201889,1199.99999999,2.42266800,2017-12-28 03:26:42
ETH/NZDT,Buy,0.00345872,1199.99999999,4.15046400,2017-12-28 03:26:42
ETH/NZDT,Buy,0.09452239,1200.00000000,113.42686800,2017-12-28 03:26:42
ETH/NZDT,Buy,0.54418515,1200.00000000,653.02218000,2017-12-28 03:26:54
ETH/NZDT,Buy,0.00125562,1203.45000002,1.51107589,2017-12-28 03:26:54
ETH/NZDT,Buy,0.00087382,1206.64500096,1.05439053,2017-12-28 03:26:54
ETH/NZDT,Buy,0.10000000,1207.00000030,120.70000003,2017-12-28 03:26:54
ETH/NZDT,Buy,0.04200000,1209.00000000,50.77800000,2017-12-28 03:26:54
ETH/NZDT,Buy,0.30833787,1210.00000000,373.08882270,2017-12-28 03:26:54
ETH/NZDT,Buy,0.01046300,1212.31330773,12.68443414,2017-12-28 03:26:54
ETH/NZDT,Buy,0.00197600,1215.16500004,2.40116604,2017-12-28 03:26:54
ETH/NZDT,Sell,0.00345872,1215.16500004,4.20291549,2017-12-28 03:28:37
ETH/NZDT,Sell,0.12483476,1199.19000009,149.70059586,2017-12-28 03:28:37
ETH/NZDT,Buy,0.00598086,1219.00000000,7.29066834,2017-12-28 03:28:46
ETH/NZDT,Buy,0.07161024,1220.00000000,87.36449280,2017-12-28 03:28:46
ETH/NZDT,Buy,0.00370655,1224.75000003,4.53959711,2017-12-28 03:28:46
ETH/NZDT,Buy,0.00484343,1224.75000016,5.93199089,2017-12-28 03:28:46
ETH/NZDT,Buy,0.01438188,1224.85650004,17.61573920,2017-12-28 03:28:46
ETH/NZDT,Buy,0.00354799,1225.19191234,4.34696865,2017-12-28 03:28:46
ETH/NZDT,Buy,0.00875411,1225.19191234,10.72546477,2017-12-28 03:28:46
ETH/NZDT,Buy,0.00448744,1225.81500001,5.50077126,2017-12-28 03:28:46
ETH/NZDT,Buy,0.00139716,1225.81500001,1.71265969,2017-12-28 03:28:46
ETH/NZDT,Buy,0.02041396,1225.81500001,25.02373838,2017-12-28 03:28:46
ETH/NZDT,Buy,0.00092698,1226.34750004,1.13679961,2017-12-28 03:28:46
ETH/NZDT,Buy,0.00097078,1227.62652198,1.19175528,2017-12-28 03:28:46
ETH/NZDT,Buy,0.00225481,1227.62652198,2.76806456,2017-12-28 03:28:46
ETH/NZDT,Buy,0.04887824,1229.99999999,60.12023520,2017-12-28 03:28:46
ETH/NZDT,Buy,0.09775649,1229.99999999,120.24048270,2017-12-28 03:28:46
ETH/NZDT,Buy,0.64340000,1230.00000000,791.38200000,2017-12-28 03:28:46
ETH/NZDT,Buy,0.00936553,1233.70467520,11.55429815,2017-12-28 03:28:46
ETH/NZDT,Buy,0.00419649,1233.70467520,5.17722933,2017-12-28 03:28:46
ETH/NZDT,Buy,0.00103219,1233.70467520,1.27341763,2017-12-28 03:28:46
ETH/NZDT,Buy,0.00402819,1233.70467520,4.96959684,2017-12-28 03:28:46
ETH/NZDT,Buy,0.00085975,1236.25732812,1.06287224,2017-12-28 03:28:46
ETH/NZDT,Buy,0.00208484,1236.25732812,2.57739873,2017-12-28 03:28:46
ETH/NZDT,Buy,0.00285124,1237.54398134,3.52853490,2017-12-28 03:28:46
ETH/NZDT,Buy,0.00207402,1237.54398134,2.56669097,2017-12-28 03:28:46
ETH/NZDT,Buy,0.00112427,1238.70778110,1.39264200,2017-12-28 03:28:46
ETH/NZDT,Buy,0.04544745,1239.81775448,56.34655541,2017-12-28 03:28:46
ETH/NZDT,Buy,0.01084067,1239.81775450,13.44045514,2017-12-28 03:28:46
ETH/NZDT,Buy,0.00422826,1239.81775452,5.24227182,2017-12-28 03:28:46
ETH/NZDT,Buy,0.10000000,1240.00000000,124.00000000,2017-12-28 03:28:46
ETH/NZDT,Buy,0.50000000,1240.00000000,620.00000000,2017-12-28 03:28:46
